{
  "weeks": [
    {
      "dateRange": "2024-07-08 to 2024-07-14",
      "data": {
        "totalSales": "13004.69",
        "numOrders": 129,
        "numSubscriberOrders": 123,
        "numGuestOrders": 6,
        "averageItemsPerOrder": 11,
        "averageOrderAmount": "102.67",
        "totalActiveSubscribers": 206,
        "projectedMonthlySubscriptionRevenue": 48602,
        "vendors": {
          "Elegant Elephant Baking Co.": 159.37,
          "River Ranch Oregon Olive OIl": 14.56,
          "Camas Swale Farm": 637.47,
          "Little Wings": 1342.67,
          "Grazier's Garden": 680.98,
          "Deck Family Farm": 5361.69,
          "Red Tail Growers": 728.31,
          "OGC": 487.51,
          "Full Farm CSA": 676.36,
          "Creamy Cow, LLC": 1838.09,
          "Sweet Creek": 227.76,
          "Deck Family Farm's Hyland Processing": 342.21,
          "Creole Me Up": 101.93,
          "Barrett Baking": 42.56,
          "Radiant Coffee Roasters": 191.29,
          "Queen of Hearts Superfood": 17.56,
          "Lonesome Whistle": 47.29,
          "Reality Kitchen Nonprofit": 51.78,
          "RL Plants": 13.3,
          "Spoiled Rotten Vinegar": 16.06,
          "Camas Country Mill": 25.94
        },
        "category": {
          "Dry Goods": 1050.76,
          "Organic Vegetables - Potatoes": 184.92,
          "Organic Vegetables - Onions/Garlic": 450.65,
          "Sausages & Cured Meats": 1322.58,
          "Organic Eggs": 742.79,
          "Organic Vegetables - Roots": 333.17,
          "Organic Vegetables - Leafy Greens": 714.4,
          "Organic Vegetables - Mushrooms": 301.54,
          "Organic Vegetables - Herbs": 219.55,
          "Organic Vegetables - Broccoli/Cauliflower/Cabbage": 486.16,
          "Organic Vegetables - Other": 742.32,
          "Organic Vegetables - Squash": 181.04,
          "Pasture-raised Poultry": 685.27,
          "Pasture-raised Pork": 1050.54,
          "Grass-fed Beef": 1329.11,
          "Organic Vegetables - Tomatoes": 233.52,
          "Organic Fruit": 641.78,
          "Raw Dairy (Unpasteurized)": 1838.09,
          "Spring Lamb": 274.54,
          "Pasture Raised Poultry": 43.19,
          "Pasture Raised Pork": 90.39,
          "Organic Vegetables  - Broccoli/Cauliflower/Cabbage": 23.55,
          "Home Goods": 47.88,
          "Uncategorized": 11.57,
          "Organs/Lard/Bones": 5.38
        },
        "product": {
          "Raw Fresh Whole Milk": 1036,
          "Organic Pasture Raised Chicken Eggs": 742.79,
          "Baby Back Ribs **SALE**": 605.12,
          "Blueberries": 430.4,
          "Ground Beef - All Natural": 419.64,
          "Persian Cucumber": 277.88,
          "Pork Chop, Boneless Thick Cut": 256.88,
          "Raw A2/A2 Milk": 247,
          "Lamb Kabob": 242.25,
          "Beef Tri-Tip,": 241.11,
          "New York Steak": 233.64,
          "Pork Shoulder Roast": 217.4,
          "Live Culture Yogurt": 215.46,
          "Purple Shvelisi Garlic": 213.3,
          "Frozen Blueberries": 211.38,
          "Sage and Sea Salt Pork Breakfast Sausage": 200.96,
          "Roasting Chicken": 200.22,
          "Nantes Carrots": 200.14,
          "Broccolini": 198.03,
          "Mixed salad greens": 195.66
        },
        "dropsite": {
          "St Johns Farmers Market": 664.02,
          "Farm - Friday": 540.89,
          "PSU Farmers Market": 1078.25,
          "Irvington": 298.28,
          "Woodstock": 662.61,
          "LCFM": 564.12,
          "Beaverton": 301.4,
          "Hollywood Farmers Market": 1178.24,
          "Cully": 442.64,
          "Home Delivery - Corvallis": 71.87,
          "Home Delivery - Eugene/Springfield/Junction City": 4107.84,
          "W 11th": 941.85,
          "Friendly": 843.77,
          "Farm - Tuesday": 1088.51,
          "Springfield": 220.4
        }
      }
    },
    {
      "dateRange": "2024-07-01 to 2024-07-07",
      "data": {
        "totalSales": "10732.97",
        "numOrders": 112,
        "numSubscriberOrders": 110,
        "numGuestOrders": 2,
        "averageItemsPerOrder": 9,
        "averageOrderAmount": "97.88",
        "totalActiveSubscribers": 206,
        "projectedMonthlySubscriptionRevenue": 48602,
        "vendors": {
          "Deck Family Farm": 4922.21,
          "OGC": 430.34,
          "Creamy Cow, LLC": 2100.3,
          "Lonesome Whistle": 155.1,
          "Barrett Baking": 63.84,
          "Deck Family Farm's Hyland Processing": 271.85,
          "Little Wings": 497.55,
          "Camas Swale Farm": 380,
          "Red Tail Growers": 615.41,
          "Grazier's Garden": 454.09,
          "Spoiled Rotten Vinegar": 38.57,
          "Elegant Elephant Baking Co.": 196.48,
          "Queen of Hearts Superfood": 79.02,
          "Radiant Coffee Roasters": 146.3,
          "Sweet Creek": 161.14,
          "Reality Kitchen Nonprofit": 61.28,
          "River Ranch Oregon Olive OIl": 29.12,
          "Creole Me Up": 55.28,
          "Camas Country Mill": 50.79,
          "RL Plants": 13.3,
          "Full Farm CSA": 11
        },
        "category": {
          "Grass-fed Beef": 1533.34,
          "Organic Vegetables - Mushrooms": 165.99,
          "Organic Fruit": 131.76,
          "Organic Eggs": 588.8,
          "Raw Dairy (Unpasteurized)": 2100.3,
          "Dry Goods": 1175.29,
          "Sausages & Cured Meats": 1520.86,
          "Organic Vegetables - Other": 248.25,
          "Organic Vegetables - Herbs": 159.45,
          "Organic Vegetables - Leafy Greens": 652.41,
          "Organic Vegetables - Roots": 272.89,
          "Organic Vegetables - Broccoli/Cauliflower/Cabbage": 300.82,
          "Organic Vegetables - Potatoes": 48.24,
          "Organic Vegetables - Onions/Garlic": 233.36,
          "Organic Vegetables - Squash": 164.22,
          "Pasture-raised Poultry": 690.6,
          "Pasture-raised Pork": 428.62,
          "Pasture Raised Poultry": 105.9,
          "Pasture Raised Pork": 46.78,
          "Spring Lamb": 143.72,
          "Home Goods": 13.3,
          "Organs/Lard/Bones": 8.07
        },
        "product": {
          "Raw Fresh Whole Milk": 1092,
          "Organic Pasture Raised Chicken Eggs": 588.8,
          "Raw A2/A2 Milk": 342,
          "Live Culture Yogurt": 332.5,
          "Roasting Chicken": 306.12,
          "Top Sirloin Steak **SALE**": 282.59,
          "Ground Beef - All Natural": 279.08,
          "Pork Bacon": 253.68,
          "Pork Shoulder Roast": 247.91,
          "Bone-In Chicken Breast": 220.5,
          "New York Steak": 218.69,
          "Sage and Sea Salt Pork Breakfast Sausage": 188.4,
          "Beef Patties": 178.2,
          "Green Zucchini": 164.22,
          "Purple Shvelisi Garlic": 152.95,
          "Pork Frankfurter": 137.25,
          "Broccolini": 133.56,
          "Blueberries": 131.76,
          "Honey, Raw": 127.37,
          "Chicken Wings": 126.54
        },
        "dropsite": {
          "Hollywood Farmers Market": 1504.56,
          "Farm - Friday": 872.62,
          "Woodstock": 307.28,
          "Corvallis": 49.45,
          "St Johns Farmers Market": 106.22,
          "Irvington": 321.38,
          "Beaverton": 192.04,
          "PSU Farmers Market": 678.26,
          "Cully": 660.06,
          "Home Delivery - Eugene/Springfield/Junction City": 3690.31,
          "Friendly": 746.24,
          "Springfield": 112.63,
          "W 11th": 697.93,
          "Farm - Tuesday": 329.89,
          "LCFM": 338.02,
          "Home Delivery - Corvallis": 126.08
        }
      }
    },
    {
      "dateRange": "2024-06-24 to 2024-06-30",
      "data": {
        "totalSales": "14057.20",
        "numOrders": 132,
        "numSubscriberOrders": 129,
        "numGuestOrders": 3,
        "averageItemsPerOrder": 9,
        "averageOrderAmount": "107.71",
        "totalActiveSubscribers": 206,
        "projectedMonthlySubscriptionRevenue": 48602,
        "vendors": {
          "Lonesome Whistle": 75.77,
          "Deck Family Farm": 6997.49,
          "Grazier's Garden": 847.22,
          "Red Tail Growers": 704.29,
          "Camas Swale Farm": 769.51,
          "Barrett Baking": 53.2,
          "Creamy Cow, LLC": 2356.59,
          "Deck Family Farm's Hyland Processing": 403.25,
          "Camas Country Mill": 62.49,
          "Reality Kitchen Nonprofit": 98.07,
          "OGC": 459.54,
          "Little Wings": 474.08,
          "Creole Me Up": 22.17,
          "Radiant Coffee Roasters": 234.08,
          "Sweet Creek": 153.79,
          "Elegant Elephant Baking Co.": 209.86,
          "Queen of Hearts Superfood": 52.68,
          "Full Farm CSA": 28.29,
          "Spoiled Rotten Vinegar": 38.87,
          "RL Plants": 15.96
        },
        "category": {
          "Dry Goods": 1294.99,
          "Sausages & Cured Meats": 1577.07,
          "Organic Fruit": 523.95,
          "Organic Vegetables - Roots": 333.09,
          "Organic Vegetables - Other": 530.44,
          "Grass-fed Beef": 2458.68,
          "Organic Vegetables - Leafy Greens": 817.85,
          "Pasture-raised Poultry": 582.8,
          "Spring Lamb": 511.23,
          "Organic Eggs": 919.68,
          "Raw Dairy (Unpasteurized)": 2356.59,
          "Pasture-raised Pork": 1068.27,
          "Organic Vegetables - Onions/Garlic": 206.95,
          "Organic Vegetables - Mushrooms": 219.61,
          "Organic Vegetables - Broccoli/Cauliflower/Cabbage": 338.24,
          "Organic Vegetables - Herbs": 118.73,
          "Organic Vegetables - Squash": 151.32,
          "Organic Vegetables  - Broccoli/Cauliflower/Cabbage": 14.46,
          "Home Goods": 33.25
        },
        "product": {
          "Raw Fresh Whole Milk": 1152,
          "Organic Pasture Raised Chicken Eggs": 919.68,
          "Cherries": 523.95,
          "Ground Beef - All Natural": 430.06,
          "Sugar Snap Peas": 391.12,
          "Roasting Chicken": 367.07,
          "Raw A2/A2 Milk": 304,
          "Live Culture Yogurt": 273.98,
          "Raw Sweet Cream Butter": 271.32,
          "Pork Bacon": 265.37,
          "Baby Back Ribs": 265.32,
          "Pork Shoulder Roast": 262.72,
          "Broccolini": 245.42,
          "Ribeye Steak": 239.85,
          "Beef Tenderloin": 234.92,
          "Beef Flat Iron Steak": 217.03,
          "Honey, Raw": 199.58,
          "Bone-In Chicken Breast": 196,
          "Top Sirloin Steak": 179.98,
          "Ground Pork": 169.13
        },
        "dropsite": {
          "Hollywood Farmers Market": 2622.5,
          "Farm - Friday": 576.35,
          "Cully": 432.1,
          "St Johns Farmers Market": 208.6,
          "LCFM": 726.41,
          "PSU Farmers Market": 987.93,
          "Irvington": 196.59,
          "Woodstock": 1085.51,
          "Corvallis": 196.95,
          "Home Delivery - Eugene/Springfield/Junction City": 4633.4,
          "W 11th": 476.53,
          "Friendly": 1017.44,
          "Home Delivery - Corvallis": 78.72,
          "Farm - Tuesday": 282.67,
          "Springfield": 384.95,
          "Beaverton": 150.55
        }
      }
    },
    {
      "dateRange": "2024-06-17 to 2024-06-23",
      "data": {
        "totalSales": "12500.30",
        "numOrders": 125,
        "numSubscriberOrders": 122,
        "numGuestOrders": 3,
        "averageItemsPerOrder": 10,
        "averageOrderAmount": "101.44",
        "totalActiveSubscribers": 206,
        "projectedMonthlySubscriptionRevenue": 48602,
        "vendors": {
          "Reality Kitchen Nonprofit": 64.6,
          "Deck Family Farm": 5106.85,
          "Creamy Cow, LLC": 1869.75,
          "Camas Country Mill": 43.9,
          "Lonesome Whistle": 122.61,
          "Deck Family Farm's Hyland Processing": 519,
          "Camas Swale Farm": 1180.36,
          "Little Wings": 585.84,
          "Red Tail Growers": 415.51,
          "Grazier's Garden": 630.76,
          "OGC": 1387.99,
          "Queen of Hearts Superfood": 26.34,
          "Sweet Creek": 122.98,
          "Elegant Elephant Baking Co.": 98.69,
          "Radiant Coffee Roasters": 190.19,
          "Full Farm CSA": 11,
          "Creole Me Up": 32.37,
          "River Ranch Oregon Olive OIl": 43.68,
          "RL Plants": 17.29,
          "Barrett Baking": 21.28,
          "Spoiled Rotten Vinegar": 9.31
        },
        "category": {
          "Dry Goods": 1011.65,
          "Grass-fed Beef": 1570.64,
          "Organic Eggs": 839.01,
          "Raw Dairy (Unpasteurized)": 1869.75,
          "Pasture-raised Poultry": 423.51,
          "Sausages & Cured Meats": 1630.81,
          "Organic Vegetables - Other": 938.49,
          "Organic Vegetables - Squash": 204.5,
          "Organic Vegetables - Herbs": 162.93,
          "Organic Vegetables - Broccoli/Cauliflower/Cabbage": 555.97,
          "Organic Vegetables - Roots": 379.45,
          "Organic Fruit": 801.25,
          "Organic Vegetables - Leafy Greens": 679.35,
          "Pasture Raised Poultry": 35.41,
          "Organic Vegetables - Mushrooms": 166.21,
          "Organic Vegetables  - Broccoli/Cauliflower/Cabbage": 8.31,
          "Organic Vegetables - Potatoes": 159.6,
          "Organic Vegetables - Onions/Garlic": 144.4,
          "Spring Lamb": 332.22,
          "Pasture-raised Pork": 554.68,
          "Pasture Raised Pork": 9.49,
          "Home Goods": 17.29,
          "Organs/Lard/Bones": 5.38
        },
        "product": {
          "Raw Fresh Whole Milk": 1242,
          "Organic Pasture Raised Chicken Eggs": 839.01,
          "Cherries": 490.29,
          "Sugar Snap Peas": 367.5,
          "Red Raspberries": 310.96,
          "Ground Beef - All Natural": 262.47,
          "Raw A2/A2 Milk": 247,
          "Asparagus": 241.92,
          "Peppered Knife Cut Beef Jerky": 228.82,
          "Roasting Chicken": 227.46,
          "Green Zucchini": 204.5,
          "Fresh Farm Made Spring Herb Lamb Sausage- made weekly in our farm kitchen! **SALE**": 198.36,
          "New York Steak": 194.7,
          "Honey, Raw": 192.85,
          "Cauliflower": 189.24,
          "Beef Tenderloin": 184.58,
          "Huckleberry gold potatoes": 159.6,
          "Broccolini": 156.1,
          "Purple Sprouting Broccoli": 151.16,
          "Live Culture Yogurt": 148.96
        },
        "dropsite": {
          "PSU Farmers Market": 783.91,
          "Hollywood Farmers Market": 1276.57,
          "Cully": 1260.21,
          "Farm - Friday": 439.96,
          "Farm - Tuesday": 966.54,
          "Woodstock": 305.08,
          "St Johns Farmers Market": 770.5,
          "Beaverton": 187.98,
          "LCFM": 352.97,
          "Home Delivery - Eugene/Springfield/Junction City": 4143.23,
          "Friendly": 1036.63,
          "Springfield": 340.15,
          "W 11th": 636.57
        }
      }
    },
    {
      "dateRange": "2024-06-10 to 2024-06-16",
      "data": {
        "totalSales": "12247.27",
        "numOrders": 132,
        "numSubscriberOrders": 129,
        "numGuestOrders": 3,
        "averageItemsPerOrder": 7,
        "averageOrderAmount": "94.45",
        "totalActiveSubscribers": 206,
        "projectedMonthlySubscriptionRevenue": 48602,
        "vendors": {
          "Sweet Leaf Organic Farm": 4.75,
          "Little Wings": 607.32,
          "Barrett Baking": 86.88,
          "Deck Family Farm": 5946.17,
          "Red Tail Growers": 556.65,
          "Creamy Cow, LLC": 2043.57,
          "Grazier's Garden": 580.89,
          "Sweet Creek": 239.24,
          "Deck Family Farm's Hyland Processing": 882.07,
          "Queen of Hearts Superfood": 105.36,
          "Camas Country Mill": 59.23,
          "BNF Kombucha and Jun": 33.25,
          "OGC": 359.11,
          "Elegant Elephant Baking Co.": 187.8,
          "Radiant Coffee Roasters": 190.19,
          "Reality Kitchen Nonprofit": 70.95,
          "RL Plants": 95.76,
          "Creole Me Up": 46.48,
          "Full Farm CSA": 33,
          "Spoiled Rotten Vinegar": 50.84,
          "River Ranch Oregon Olive OIl": 14.56,
          "Lonesome Whistle": 26.6,
          "Kiko Denzer": 26.6
        },
        "category": {
          "Organic Vegetables - Leafy Greens": 847.72,
          "Organic Vegetables - Roots": 320.47,
          "Dry Goods": 1494.71,
          "Organic Eggs": 796.07,
          "Pasture-raised Poultry": 719.01,
          "Sausages & Cured Meats": 2038.65,
          "Grass-fed Beef": 1300.55,
          "Pasture-raised Pork": 868.66,
          "Organic Vegetables - Herbs": 85.01,
          "Raw Dairy (Unpasteurized)": 2043.57,
          "Organic Vegetables - Broccoli/Cauliflower/Cabbage": 304.47,
          "Organic Vegetables - Potatoes": 218.56,
          "Uncategorized": 62.3,
          "Organic Vegetables - Mushrooms": 294.69,
          "Organic Vegetables - Other": 37.8,
          "Spring Lamb": 680.71,
          "Home Goods": 122.36,
          "Pasture Raised Pork": 11.96
        },
        "product": {
          "Raw Fresh Whole Milk": 1174,
          "Organic Pasture Raised Chicken Eggs": 796.07,
          "Ground Beef - All Natural": 414.39,
          "New York Steak": 369.93,
          "Pork Shoulder Roast": 359.64,
          "Fresh Farm Made Spring Herb Lamb Sausage- made weekly in our farm kitchen! **SALE**": 297.54,
          "Honey, Raw": 297.35,
          "Broccolini": 255.99,
          "Live Culture Yogurt": 255.36,
          "Roasting Chicken": 253.68,
          "Baby Carrots": 243.84,
          "Huckleberry gold potatoes": 218.56,
          "Ground Lamb": 213.5,
          "Fresh Farm Made English Breakfast Sausage- made weekly in our farm kitchen! **SALE**": 212.5,
          "Top Sirloin Steak": 207.24,
          "Pork Bacon": 198.45,
          "Lamb Shoulder Roast": 193.74,
          "Pork Chop, Boneless Thick Cut": 189.44,
          "Shiitake Mushrooms": 179.19,
          "Beef Tri-Tip,": 179.1
        },
        "dropsite": {
          "Farm - Friday": 764.13,
          "PSU Farmers Market": 832.92,
          "Irvington": 330.4,
          "Hollywood Farmers Market": 1389.44,
          "Cully": 613.26,
          "LCFM": 514.59,
          "St Johns Farmers Market": 624.13,
          "Woodstock": 309.15,
          "Home Delivery - Corvallis": 242.28,
          "Beaverton": 190.75,
          "Corvallis": 184.72,
          "Home Delivery - Eugene/Springfield/Junction City": 3701.17,
          "Friendly": 969.34,
          "W 11th": 557.77,
          "Springfield": 162.53,
          "Farm - Tuesday": 860.69
        }
      }
    },
    {
      "dateRange": "2024-06-03 to 2024-06-09",
      "data": {
        "totalSales": "12187.32",
        "numOrders": 137,
        "numSubscriberOrders": 128,
        "numGuestOrders": 9,
        "averageItemsPerOrder": 8,
        "averageOrderAmount": "91.00",
        "totalActiveSubscribers": 206,
        "projectedMonthlySubscriptionRevenue": 48602,
        "vendors": {
          "Deck Family Farm": 5803.47,
          "OGC": 398.89,
          "Grazier's Garden": 589.99,
          "Little Wings": 1063.31,
          "Creole Me Up": 100.18,
          "Radiant Coffee Roasters": 178.86,
          "Deck Family Farm's Hyland Processing": 371.25,
          "Red Tail Growers": 526.17,
          "Creamy Cow, LLC": 2067.86,
          "Reality Kitchen Nonprofit": 111.15,
          "Sweet Creek": 288.48,
          "Elegant Elephant Baking Co.": 260.98,
          "BNF Kombucha and Jun": 33.25,
          "Barrett Baking": 63.84,
          "Lonesome Whistle": 53.83,
          "Queen of Hearts Superfood": 70.24,
          "RL Plants": 109.06,
          "Camas Country Mill": 20.05,
          "Full Farm CSA": 22,
          "Spoiled Rotten Vinegar": 39.9,
          "River Ranch Oregon Olive OIl": 14.56
        },
        "category": {
          "Organic Eggs": 956.27,
          "Spring Lamb": 98.74,
          "Pasture Raised Poultry": 70.61,
          "Organic Vegetables - Mushrooms": 263.75,
          "Organic Vegetables - Herbs": 256.8,
          "Organic Vegetables - Leafy Greens": 901.68,
          "Dry Goods": 1412.91,
          "Organic Vegetables - Potatoes": 291.16,
          "Sausages & Cured Meats": 1729.8,
          "Grass-fed Beef": 1709.76,
          "Organic Vegetables - Roots": 447.97,
          "Pasture-raised Pork": 443.37,
          "Raw Dairy (Unpasteurized)": 2059.88,
          "Uncategorized": 85.53,
          "Organic Vegetables - Broccoli/Cauliflower/Cabbage": 264.23,
          "Organic Vegetables - Other": 92.2,
          "Pasture-raised Poultry": 773.33,
          "Home Goods": 109.06,
          "Pasture Raised Pork": 140.08,
          "Organic Vegetables - Onions/Garlic": 50.85,
          "Dairy": 7.98,
          "Organic Vegetables  - Broccoli/Cauliflower/Cabbage": 3.6,
          "Organs/Lard/Bones": 17.76
        },
        "product": {
          "Raw Fresh Whole Milk": 1116,
          "Organic Pasture Raised Chicken Eggs": 956.27,
          "Beef Chuck Roast **SALE** 10% Off": 656.18,
          "Ground Beef - All Natural": 304.23,
          "Raw A2/A2 Milk": 304,
          "Pork Bacon": 253.68,
          "Roasting Chicken": 243.54,
          "Honey, Raw": 222.88,
          "Sage and Sea Salt Pork Breakfast Sausage": 200.96,
          "Pork Shoulder Roast": 199.8,
          "Salad Mix": 191.14,
          "Baby Carrots": 190.24,
          "New York Steak": 179.75,
          "Raw Sweet Cream Butter": 159.6,
          "Live Culture Yogurt": 159.6,
          "New German Butterball Potatoes": 155.68,
          "Peppered Knife Cut Beef Jerky": 151.96,
          "Baby Bok Choi": 143.9,
          "Summer Sausage": 138.16,
          "Shiitake Mushrooms": 136.55
        },
        "dropsite": {
          "Hollywood Farmers Market": 1452.44,
          "Woodstock": 1092.73,
          "LCFM": 321.1,
          "PSU Farmers Market": 795.66,
          "Farm - Friday": 1008.56,
          "Irvington": 351.4,
          "St Johns Farmers Market": 463.76,
          "Cully": 281.23,
          "Farm - Tuesday": 754.25,
          "Home Delivery - Eugene/Springfield/Junction City": 3840.66,
          "Friendly": 981.9,
          "Springfield": 126.63,
          "W 11th": 547.63,
          "Home Delivery - Corvallis": 62.51,
          "Beaverton": 106.86
        }
      }
    },
    {
      "dateRange": "2024-05-27 to 2024-06-02",
      "data": {
        "totalSales": "12256.56",
        "numOrders": 133,
        "numSubscriberOrders": 129,
        "numGuestOrders": 4,
        "averageItemsPerOrder": 8,
        "averageOrderAmount": "93.96",
        "totalActiveSubscribers": 206,
        "projectedMonthlySubscriptionRevenue": 48602,
        "vendors": {
          "Deck Family Farm": 5448.55,
          "Reality Kitchen Nonprofit": 84.55,
          "Sweet Creek": 337.26,
          "Grazier's Garden": 1142.22,
          "Little Wings": 572.59,
          "OGC": 605.7,
          "Red Tail Growers": 643.27,
          "Creamy Cow, LLC": 2183.78,
          "Queen of Hearts Superfood": 35.12,
          "Barrett Baking": 42.56,
          "Lonesome Whistle": 100.14,
          "Deck Family Farm's Hyland Processing": 422.96,
          "Radiant Coffee Roasters": 73.15,
          "Elegant Elephant Baking Co.": 138.94,
          "River Ranch Oregon Olive OIl": 58.24,
          "BNF Kombucha and Jun": 166.58,
          "RL Plants": 19.95,
          "Camas Country Mill": 19.05,
          "Spoiled Rotten Vinegar": 21.28,
          "Creole Me Up": 140.67
        },
        "category": {
          "Organic Eggs": 821.59,
          "Dry Goods": 1424.82,
          "Organic Vegetables - Onions/Garlic": 233.15,
          "Sausages & Cured Meats": 1648.66,
          "Organic Vegetables - Roots": 553.75,
          "Organic Vegetables - Leafy Greens": 888.87,
          "Organic Vegetables - Mushrooms": 391.43,
          "Grass-fed Beef": 1698.44,
          "Pasture-raised Pork": 491.53,
          "Raw Dairy (Unpasteurized)": 2170.48,
          "Organic Vegetables - Potatoes": 368.86,
          "Pasture-raised Poultry": 901.89,
          "Organic Vegetables - Other": 146.68,
          "Spring Lamb": 39.47,
          "Organic Vegetables - Herbs": 279.56,
          "Dairy": 13.3,
          "Uncategorized": 26.4,
          "Home Goods": 19.95,
          "Pasture Raised Pork": 26.76,
          "Pasture Raised Poultry": 9.49,
          "Organic Vegetables - Broccoli/Cauliflower/Cabbage": 101.48
        },
        "product": {
          "Raw Fresh Whole Milk": 1076,
          "Organic Pasture Raised Chicken Eggs": 821.59,
          "Ground Beef - All Natural **SALE** 3 Lbs.": 640.97,
          "Orange Carrots": 299.85,
          "Raw A2/A2 Milk": 285,
          "Pork Bacon": 251.37,
          "Shiitake Mushrooms": 223.03,
          "Henni Penni Hispanico   7.4-8.4oz": 203.39,
          "Red Ranger Roaster": 199.16,
          "Skirt Steak, Medium": 197.3,
          "Chicken Hindquarter": 193.8,
          "Garlic Scapes": 189.95,
          "New German Butterball Potatoes": 172.8,
          "Crimini Mushrooms": 168.4,
          "Red Beets": 159.81,
          "Live Culture Yogurt 1 qt.": 159.6,
          "Chicken Wings": 150.71,
          "Honey, Raw": 150.25,
          "Roasting Chicken": 146.74,
          "Pork Chop, Boneless Thick Cut": 142.08
        },
        "dropsite": {
          "Woodstock": 678.44,
          "Beaverton": 361.99,
          "Hollywood Farmers Market": 936.52,
          "Farm - Friday": 358.95,
          "St Johns Farmers Market": 477.74,
          "Cully": 611.63,
          "LCFM": 424.21,
          "PSU Farmers Market": 774.74,
          "Corvallis": 1024.53,
          "Irvington": 430.15,
          "Home Delivery - Eugene/Springfield/Junction City": 4053.87,
          "Friendly": 864.31,
          "W 11th": 632.62,
          "Farm - Tuesday": 562.37,
          "Home Delivery - Corvallis": 64.49
        }
      }
    },
    {
      "dateRange": "2024-05-20 to 2024-05-26",
      "data": {
        "totalSales": "10827.17",
        "numOrders": 124,
        "numSubscriberOrders": 121,
        "numGuestOrders": 3,
        "averageItemsPerOrder": 8,
        "averageOrderAmount": "89.01",
        "totalActiveSubscribers": 206,
        "projectedMonthlySubscriptionRevenue": 48602,
        "vendors": {
          "Deck Family Farm": 4934.84,
          "Radiant Coffee Roasters": 146.3,
          "Elegant Elephant Baking Co.": 243.02,
          "Grazier's Garden": 776.54,
          "OGC": 553.35,
          "Deck Family Farm's Hyland Processing": 251.12,
          "Little Wings": 879.17,
          "Creamy Cow, LLC": 2092.45,
          "Sweet Creek": 121.06,
          "Reality Kitchen Nonprofit": 91.85,
          "RL Plants": 11.97,
          "Red Tail Growers": 187.2,
          "Creole Me Up": 104.76,
          "Queen of Hearts Superfood": 35.12,
          "BNF Kombucha and Jun": 214.33,
          "Lonesome Whistle": 53.17,
          "Barrett Baking": 85.12,
          "Camas Country Mill": 27.33,
          "Spoiled Rotten Vinegar": 10.01,
          "Camas Swale Farm": 5.6,
          "Small is Beautiful Farm": 2.86
        },
        "category": {
          "Grass-fed Beef": 1302.75,
          "Pasture-raised Pork": 540.97,
          "Dry Goods": 1385.41,
          "Organic Vegetables - Potatoes": 401.52,
          "Organic Vegetables - Onions/Garlic": 246.66,
          "Sausages & Cured Meats": 1652.12,
          "Organic Vegetables - Squash": 83.7,
          "Organic Vegetables - Mushrooms": 247.84,
          "Organic Vegetables - Broccoli/Cauliflower/Cabbage": 62.1,
          "Organic Vegetables - Roots": 357.12,
          "Raw Dairy (Unpasteurized)": 2044.57,
          "Organic Vegetables - Leafy Greens": 775.59,
          "Organic Eggs": 775.27,
          "Home Goods": 11.97,
          "Pasture-raised Poultry": 575.37,
          "Organic Vegetables - Other": 111.82,
          "Spring Lamb": 20.84,
          "Organic Vegetables - Herbs": 118.37,
          "Organs/Lard/Bones": 18.22,
          "Pasture Raised Poultry": 37.58,
          "Uncategorized": 9.5,
          "Dairy": 47.88
        },
        "product": {
          "Raw Fresh Whole Milk": 1088,
          "Organic Pasture Raised Chicken Eggs": 765.4,
          "Ground Beef - All Natural **SALE** 3 Lbs.": 685.11,
          "Roasting Chicken": 341.31,
          "Pork Bacon": 277.83,
          "Raw Sweet Cream Butter": 255.36,
          "Live Culture Yogurt 1 qt.": 252.7,
          "Raw A2/A2 Milk": 247,
          "New German Butterball Potatoes": 214.36,
          "Sage and Sea Salt Pork Breakfast Sausage": 200.96,
          "Honey, Raw": 199.14,
          "Orange Carrots": 195.81,
          "Shiitake Mushrooms": 179.59,
          "Skirt Steak, Medium": 157.84,
          "Ground Pork": 143.11,
          "Peppered Knife Cut Beef Jerky": 134.6,
          "Banana fingerling potatoes": 126.58,
          "Summer Sausage": 125.6,
          "Salad Mix": 122.32,
          "Olympia Provisions, Dog Treats": 121.14
        },
        "dropsite": {
          "PSU Farmers Market": 642.95,
          "Woodstock": 624.26,
          "LCFM": 326.77,
          "Hollywood Farmers Market": 1051.43,
          "Cully": 261.37,
          "Farm - Friday": 691.83,
          "St Johns Farmers Market": 468.89,
          "Irvington": 290.58,
          "Home Delivery - Eugene/Springfield/Junction City": 3625.73,
          "W 11th": 524.15,
          "Friendly": 978.08,
          "Farm - Tuesday": 698.93,
          "Beaverton": 196.98,
          "Corvallis": 138.13,
          "Home Delivery - Corvallis": 307.09
        }
      }
    },
    {
      "dateRange": "2024-05-13 to 2024-05-19",
      "data": {
        "totalSales": "12794.36",
        "numOrders": 132,
        "numSubscriberOrders": 128,
        "numGuestOrders": 4,
        "averageItemsPerOrder": 8,
        "averageOrderAmount": "98.44",
        "totalActiveSubscribers": 206,
        "projectedMonthlySubscriptionRevenue": 48602,
        "vendors": {
          "Deck Family Farm": 6307.32,
          "Radiant Coffee Roasters": 293.7,
          "Reality Kitchen Nonprofit": 131.1,
          "BNF Kombucha and Jun": 315.29,
          "Elegant Elephant Baking Co.": 136.54,
          "Little Wings": 842.92,
          "Grazier's Garden": 342.48,
          "OGC": 683.32,
          "Deck Family Farm's Hyland Processing": 400.17,
          "Creamy Cow, LLC": 2196.91,
          "Sweet Creek": 277.68,
          "RL Plants": 13.3,
          "Queen of Hearts Superfood": 175.6,
          "Camas Swale Farm": 325.14,
          "Barrett Baking": 74.48,
          "Lonesome Whistle": 130.05,
          "Camas Country Mill": 87.02,
          "Spoiled Rotten Vinegar": 39.9,
          "Full Farm CSA": 21.44
        },
        "category": {
          "Grass-fed Beef": 2249.12,
          "Dry Goods": 1930.9,
          "Sausages & Cured Meats": 1908.86,
          "Organic Vegetables - Other": 138.66,
          "Organic Vegetables - Herbs": 121.5,
          "Organic Vegetables - Mushrooms": 208.89,
          "Organic Vegetables - Onions/Garlic": 313.33,
          "Organic Vegetables - Roots": 339.6,
          "Organic Vegetables - Leafy Greens": 1071.88,
          "Raw Dairy (Unpasteurized)": 2122.43,
          "Pasture-raised Poultry": 736.79,
          "Organic Eggs": 712.33,
          "Home Goods": 13.3,
          "Pasture-raised Pork": 487.41,
          "Spring Lamb": 71.76,
          "Dairy": 74.48,
          "Pasture Raised Poultry": 247.97,
          "Uncategorized": 10.75,
          "Pasture Raised Pork": 34.4
        },
        "product": {
          "Ground Beef - All Natural **SALE** 3 Lbs.": 1221.57,
          "Raw Fresh Whole Milk": 1096,
          "Organic Pasture Raised Chicken Eggs": 553.27,
          "Bone-In Chicken Breast": 348.68,
          "Live Culture Yogurt 1 qt.": 319.2,
          "Raw A2/A2 Milk": 304,
          "Chicken Hindquarter": 290.99,
          "Pork Bacon": 286.91,
          "Orange Carrots": 239.7,
          "Honey, Raw": 219.39,
          "Peppered Knife Cut Beef Jerky": 215.36,
          "Salad Mix": 205.72,
          "Pea Shoots": 189,
          "Fresh Farm Made Lamb Merguez Ground Sausage- made weekly in our farm kitchen!": 166.92,
          "Raw Sweet Cream Butter": 159.6,
          "Organic Pasture Raised Chicken Eggs *Special Offer*": 159.06,
          "Spinach  1/2 Lb.": 157.84,
          "Skirt Steak, Medium": 157.84,
          "Red Onion": 137.89,
          "Raw Farmer's Cheese": 129.25
        },
        "dropsite": {
          "Farm - Tuesday": 540.45,
          "Cully": 1367.47,
          "Hollywood Farmers Market": 1485.01,
          "Irvington": 458.04,
          "Farm - Friday": 441.55,
          "St Johns Farmers Market": 258.73,
          "LCFM": 418.11,
          "Beaverton": 127.76,
          "Woodstock": 667.23,
          "Home Delivery - Eugene/Springfield/Junction City": 4264.22,
          "W 11th": 664.54,
          "Friendly": 1112,
          "PSU Farmers Market": 397.2,
          "Corvallis": 521.34,
          "Home Delivery - Corvallis": 70.71
        }
      }
    },
    {
      "dateRange": "2024-05-06 to 2024-05-12",
      "data": {
        "totalSales": "13974.91",
        "numOrders": 157,
        "numSubscriberOrders": 153,
        "numGuestOrders": 4,
        "averageItemsPerOrder": 8,
        "averageOrderAmount": "91.05",
        "totalActiveSubscribers": 206,
        "projectedMonthlySubscriptionRevenue": 48602,
        "vendors": {
          "Deck Family Farm": 6352.67,
          "OGC": 827.17,
          "Creamy Cow, LLC": 2783.51,
          "Radiant Coffee Roasters": 204.82,
          "Grazier's Garden": 653.18,
          "Spoiled Rotten Vinegar": 29.26,
          "Little Wings": 855.58,
          "Sweet Creek": 626.01,
          "Lonesome Whistle": 156.07,
          "Barrett Baking": 85.12,
          "BNF Kombucha and Jun": 340.24,
          "Camas Country Mill": 97.66,
          "Deck Family Farm's Hyland Processing": 509.6,
          "Reality Kitchen Nonprofit": 82.2,
          "RL Plants": 55.86,
          "Elegant Elephant Baking Co.": 166.62,
          "Queen of Hearts Superfood": 17.56,
          "River Ranch Oregon Olive OIl": 43.68,
          "Creole Me Up": 9.98,
          "Kiko Denzer": 72.8,
          "Small is Beautiful Farm": 5.32
        },
        "category": {
          "Grass-fed Beef": 1976.82,
          "Pasture-raised Poultry": 759.41,
          "Organic Vegetables - Other": 180.46,
          "Raw Dairy (Unpasteurized)": 2743.61,
          "Organic Eggs": 1032.99,
          "Dry Goods": 2005.21,
          "Sausages & Cured Meats": 1890.51,
          "Organic Vegetables - Mushrooms": 352.84,
          "Organic Vegetables - Broccoli/Cauliflower/Cabbage": 96.05,
          "Organic Vegetables - Herbs": 257.13,
          "Organic Vegetables - Leafy Greens": 815.14,
          "Organic Vegetables - Roots": 465.47,
          "Organic Vegetables - Onions/Garlic": 174.16,
          "Pasture-raised Pork": 651.41,
          "Spring Lamb": 143.6,
          "Home Goods": 128.66,
          "Uncategorized": 36.81,
          "Pasture Raised Pork": 117.65,
          "Dairy": 39.9,
          "Pasture Raised Poultry": 27.34,
          "Organs/Lard/Bones": 79.74
        },
        "product": {
          "Raw Fresh Whole Milk": 1422,
          "Organic Pasture Raised Chicken Eggs *Special Offer*": 1023.75,
          "Ground Beef - All Natural": 550.01,
          "Pork Chop, Boneless Thick Cut *SALE*": 471.88,
          "Raw A2/A2 Milk": 399,
          "Orange Carrots": 360,
          "Salad Mix": 350.04,
          "Chicken Hindquarter": 272.82,
          "Top Sirloin Steak": 244.92,
          "Live Culture Yogurt 1 qt.": 239.4,
          "Pork Bacon": 211.68,
          "Bone-In Chicken Breast": 196,
          "Shiitake Mushrooms": 179.59,
          "Peppered Knife Cut Beef Jerky": 178.1,
          "Crimini Mushrooms": 173.25,
          "Green Curly Kale": 167.64,
          "Beef Liver": 165.78,
          "Smoked Polish Kielbasa Sausage": 148.1,
          "Beef Brisket Medium": 148.08,
          "Korean Beef Short Ribs": 145.32
        },
        "dropsite": {
          "Farm - Friday": 745.18,
          "Farm - Tuesday": 996.31,
          "Hollywood Farmers Market": 1634.57,
          "LCFM": 273.47,
          "PSU Farmers Market": 974.43,
          "Cully": 877.41,
          "Beaverton": 142.67,
          "Irvington": 202.65,
          "Woodstock": 561.15,
          "Home Delivery - Eugene/Springfield/Junction City": 4975.16,
          "Friendly": 829.69,
          "W 11th": 1195.93,
          "St Johns Farmers Market": 351.17,
          "Corvallis": 156.7,
          "Home Delivery - Corvallis": 58.42
        }
      }
    },
    {
      "dateRange": "2024-04-29 to 2024-05-05",
      "data": {
        "totalSales": "12386.14",
        "numOrders": 139,
        "numSubscriberOrders": 134,
        "numGuestOrders": 5,
        "averageItemsPerOrder": 6,
        "averageOrderAmount": "90.69",
        "totalActiveSubscribers": 206,
        "projectedMonthlySubscriptionRevenue": 48602,
        "vendors": {
          "Little Wings": 42.52,
          "Creamy Cow, LLC": 2180.92,
          "Deck Family Farm": 7088.55,
          "Elegant Elephant Baking Co.": 341.11,
          "Deck Family Farm's Hyland Processing": 282.58,
          "Grazier's Garden": 1213.02,
          "OGC": 461.16,
          "Camas Country Mill": 151.74,
          "Queen of Hearts Superfood": 140.48,
          "Barrett Baking": 85.12,
          "Spoiled Rotten Vinegar": 29.26,
          "Creole Me Up": 19.96,
          "Radiant Coffee Roasters": 234.08,
          "Lonesome Whistle": 27.47,
          "Reality Kitchen Nonprofit": 42.4,
          "BNF Kombucha and Jun": 45.77
        },
        "category": {
          "Organic Vegetables - Herbs": 186.56,
          "Organic Vegetables - Leafy Greens": 625.28,
          "Raw Dairy (Unpasteurized)": 2111.76,
          "Spring Lamb": 206.19,
          "Dry Goods": 1497.72,
          "Sausages & Cured Meats": 1716.14,
          "Pasture-raised Pork": 1430.88,
          "Organic Vegetables - Roots": 172.75,
          "Organic Eggs": 921.29,
          "Organic Vegetables - Potatoes": 144.44,
          "Organic Vegetables - Other": 4.72,
          "Organic Vegetables - Mushrooms": 310.7,
          "Grass-fed Beef": 1653.8,
          "Pasture-raised Poultry": 695.92,
          "Organic Vegetables - Broccoli/Cauliflower/Cabbage": 272.25,
          "Dairy": 69.16,
          "Pasture Raised Poultry": 91.03,
          "Pasture Raised Pork": 253.2,
          "Organs/Lard/Bones": 14.35,
          "Uncategorized": 8
        },
        "product": {
          "Raw Fresh Whole Milk": 1158,
          "Organic Pasture Raised Chicken Eggs": 921.29,
          "Pork Chop, Boneless Thick Cut *SALE*": 883.4,
          "Ground Beef - All Natural": 506.45,
          "Raw A2/A2 Milk": 323,
          "Honey, Raw": 300.33,
          "Live Culture Yogurt 1 qt.": 252.7,
          "Summer Sausage": 238.64,
          "Pork Shoulder Roast": 199.8,
          "New York Steak": 196.96,
          "Mixed kale": 196.84,
          "Sage and Sea Salt Pork Breakfast Sausage": 176.57,
          "Beef Patties": 167.7,
          "Shiitake Mushrooms": 162.9,
          "Rosette D' Oregon Salami *SALE*": 162.3,
          "Pork Bacon": 159.53,
          "Ground Pork": 156.88,
          "Chicken Hindquarter": 155.04,
          "Chicken Wings": 153.21,
          "Beef Brisket Medium": 148.08
        },
        "dropsite": {
          "Farm - Friday": 856.28,
          "Woodstock": 533.33,
          "Hollywood Farmers Market": 1484.67,
          "LCFM": 297.72,
          "Irvington": 305.52,
          "Corvallis": 239.03,
          "St Johns Farmers Market": 470.23,
          "Cully": 732.67,
          "Beaverton": 175.43,
          "PSU Farmers Market": 596.93,
          "Home Delivery - Eugene/Springfield/Junction City": 4667.79,
          "Friendly": 1060.88,
          "W 11th": 658.84,
          "Farm - Tuesday": 218.19,
          "Home Delivery - Corvallis": 88.63
        }
      }
    },
    {
      "dateRange": "2024-04-22 to 2024-04-28",
      "data": {
        "totalSales": "10599.65",
        "numOrders": 134,
        "numSubscriberOrders": 129,
        "numGuestOrders": 5,
        "averageItemsPerOrder": 6,
        "averageOrderAmount": "81.04",
        "totalActiveSubscribers": 206,
        "projectedMonthlySubscriptionRevenue": 48602,
        "vendors": {
          "Deck Family Farm": 5056.86,
          "Creamy Cow, LLC": 2524.77,
          "Grazier's Garden": 1183.24,
          "Reality Kitchen Nonprofit": 106.95,
          "Queen of Hearts Superfood": 140.48,
          "Radiant Coffee Roasters": 204.82,
          "OGC": 448.19,
          "Elegant Elephant Baking Co.": 176.33,
          "Camas Country Mill": 132.93,
          "Deck Family Farm's Hyland Processing": 189.59,
          "Spoiled Rotten Vinegar": 27.93,
          "Barrett Baking": 97.52,
          "Small is Beautiful Farm": 120.3,
          "RL Plants": 105.07,
          "River Ranch Oregon Olive OIl": 29.12,
          "Lonesome Whistle": 15.95,
          "Kiko Denzer": 39.6
        },
        "category": {
          "Sausages & Cured Meats": 1578.87,
          "Pasture-raised Poultry": 957.6,
          "Raw Dairy (Unpasteurized)": 2498.17,
          "Organic Eggs": 957.11,
          "Spring Lamb": 102.48,
          "Pasture-raised Pork": 410.13,
          "Grass-fed Beef": 886.25,
          "Organic Vegetables - Broccoli/Cauliflower/Cabbage": 323.42,
          "Organic Vegetables - Leafy Greens": 729.83,
          "Dry Goods": 1164.05,
          "Dairy": 26.6,
          "Organic Vegetables - Herbs": 197.71,
          "Organic Vegetables - Mushrooms": 315.33,
          "Organic Vegetables - Potatoes": 147.74,
          "Organs/Lard/Bones": 21.99,
          "Pasture Raised Poultry": 70.5,
          "Organic Vegetables - Roots": 37.7,
          "Pasture Raised Pork": 9.1,
          "Home Goods": 144.67,
          "Uncategorized": 20.4
        },
        "product": {
          "Raw Fresh Whole Milk": 1222,
          "Organic Pasture Raised Chicken Eggs": 957.11,
          "Roasting Chicken *SALE*": 629.2,
          "Raw A2/A2 Milk": 456,
          "Ground Beef - All Natural": 412.02,
          "Spinach": 248.83,
          "Purple Sprouting Broccoli": 238.92,
          "Pork Bacon": 235.6,
          "Live Culture Yogurt 1 qt.": 226.1,
          "Raw Sweet Cream Butter": 223.44,
          "Sage and Sea Salt Pork Breakfast Sausage": 192.8,
          "Sour Cream": 175.56,
          "Shiitake Mushrooms": 168.33,
          "Ground Pork": 149.6,
          "Crimini Mushrooms": 147,
          "Cracked Walnuts": 139.02,
          "Beef Chuck Roast": 132.49,
          "Top Sirloin Steak": 126.99,
          "Russet potatoes": 117.84,
          "Rainbow Chard": 116.5
        },
        "dropsite": {
          "PSU Farmers Market": 1057.35,
          "LCFM": 140.17,
          "Cully": 659.44,
          "Zafar Residence": 93.2,
          "Irvington": 503.23,
          "Hollywood Farmers Market": 964.53,
          "St Johns Farmers Market": 270.34,
          "Woodstock": 639.03,
          "Farm - Friday": 162.18,
          "Farm - Tuesday": 727.19,
          "Home Delivery - Eugene/Springfield/Junction City": 3122.24,
          "Friendly": 879.44,
          "W 11th": 1047.01,
          "Home Delivery - Corvallis": 47.07,
          "Corvallis": 287.23
        }
      }
    },
    {
      "dateRange": "2024-04-15 to 2024-04-21",
      "data": {
        "totalSales": "11812.94",
        "numOrders": 133,
        "numSubscriberOrders": 127,
        "numGuestOrders": 6,
        "averageItemsPerOrder": 7,
        "averageOrderAmount": "90.92",
        "totalActiveSubscribers": 206,
        "projectedMonthlySubscriptionRevenue": 48602,
        "vendors": {
          "Deck Family Farm": 5634.23,
          "OGC": 459.31,
          "Grazier's Garden": 1358.32,
          "Creamy Cow, LLC": 2727.31,
          "Deck Family Farm's Hyland Processing": 290.57,
          "Elegant Elephant Baking Co.": 201.5,
          "Reality Kitchen Nonprofit": 61.2,
          "Full Farm CSA": 22.61,
          "RL Plants": 33.25,
          "Camas Country Mill": 189.74,
          "Radiant Coffee Roasters": 279.07,
          "Small is Beautiful Farm": 245.12,
          "Barrett Baking": 159.6,
          "Lonesome Whistle": 8.86,
          "Queen of Hearts Superfood": 53.34,
          "River Ranch Oregon Olive OIl": 43.68,
          "Creole Me Up": 19.96,
          "Spoiled Rotten Vinegar": 19.95,
          "Sweet Creek": 5.32
        },
        "category": {
          "Pasture-raised Poultry": 1101.14,
          "Organic Vegetables - Mushrooms": 315.33,
          "Organic Vegetables - Broccoli/Cauliflower/Cabbage": 412.51,
          "Organic Vegetables - Leafy Greens": 825.57,
          "Raw Dairy (Unpasteurized)": 2690.07,
          "Organic Eggs": 820.82,
          "Grass-fed Beef": 1105.04,
          "Sausages & Cured Meats": 1439.08,
          "Dry Goods": 1245.26,
          "Organic Vegetables - Potatoes": 170.64,
          "Pasture-raised Pork": 640.12,
          "Home Goods": 55.86,
          "Organic Vegetables - Herbs": 211.82,
          "Spring Lamb": 191.62,
          "Organic Vegetables - Roots": 55.06,
          "Pasture Raised Poultry": 308.21,
          "Organic Fruit": 71.82,
          "Dairy": 37.24,
          "Organs/Lard/Bones": 39.41,
          "Pasture Raised Pork": 76.32
        },
        "product": {
          "Raw Fresh Whole Milk": 1090,
          "Organic Pasture Raised Chicken Eggs": 820.82,
          "Raw A2/A2 Milk": 513,
          "Ground Beef - All Natural": 444.84,
          "Purple Sprouting Broccoli": 285.12,
          "Bone-In Chicken Breast": 264.88,
          "Roasting Chicken *SALE*": 257.4,
          "Roasting Chicken": 238,
          "Spinach": 235,
          "Pork Belly": 219.76,
          "Rosette D' Oregon Salami *SALE*": 199.5,
          "Pork Bacon": 189.09,
          "Russet potatoes": 170.64,
          "Shiitake Mushrooms": 168.33,
          "Honey, Raw": 166.08,
          "Chicken Wings": 165.57,
          "Lucianna Toma Rustica 6.3-7.4oz": 161.64,
          "Raw Sweet Cream Butter": 159.6,
          "Organic Artisan Sourdough Loaf": 159.6,
          "Ground Pork": 149.6
        },
        "dropsite": {
          "Hollywood Farmers Market": 1117.46,
          "PSU Farmers Market": 786.42,
          "Cully": 887.53,
          "Irvington": 611.46,
          "Woodstock": 401.53,
          "St Johns Farmers Market": 303.69,
          "LCFM": 508.1,
          "W 11th": 608.55,
          "Home Delivery - Eugene/Springfield/Junction City": 4011.5,
          "Friendly": 1051.87,
          "Farm - Tuesday": 758.67,
          "Farm - Friday": 660.18,
          "Corvallis": 48.21,
          "Home Delivery - Corvallis": 57.77
        }
      }
    },
    {
      "dateRange": "2024-04-08 to 2024-04-14",
      "data": {
        "totalSales": "13560.02",
        "numOrders": 135,
        "numSubscriberOrders": 128,
        "numGuestOrders": 7,
        "averageItemsPerOrder": 7,
        "averageOrderAmount": "102.37",
        "totalActiveSubscribers": 206,
        "projectedMonthlySubscriptionRevenue": 48602,
        "vendors": {
          "OGC": 406.81,
          "Creamy Cow, LLC": 2484.11,
          "Deck Family Farm": 7191.24,
          "Camas Country Mill": 376,
          "Deck Family Farm's Hyland Processing": 273.27,
          "Queen of Hearts Superfood": 149.26,
          "Grazier's Garden": 1187.99,
          "Barrett Baking": 86.88,
          "Reality Kitchen Nonprofit": 90.25,
          "Small is Beautiful Farm": 277.44,
          "Radiant Coffee Roasters": 307.23,
          "Elegant Elephant Baking Co.": 195.69,
          "Spoiled Rotten Vinegar": 106.4,
          "Sweet Creek": 50.91,
          "River Ranch Oregon Olive OIl": 160.16,
          "Creole Me Up": 52.79,
          "Full Farm CSA": 139.65,
          "Lonesome Whistle": 13.3,
          "Kiko Denzer": 10.64
        },
        "category": {
          "Organic Vegetables - Roots": 53.51,
          "Raw Dairy (Unpasteurized)": 2449.53,
          "Pasture-raised Pork": 827.75,
          "Dry Goods": 1982.63,
          "Organic Eggs": 850.08,
          "Sausages & Cured Meats": 1976.69,
          "Organic Vegetables - Mushrooms": 279.56,
          "Organic Vegetables - Herbs": 87.47,
          "Organic Vegetables - Broccoli/Cauliflower/Cabbage": 414.82,
          "Organic Vegetables - Leafy Greens": 656.72,
          "Pasture-raised Poultry": 862.88,
          "Pasture Raised Poultry": 196.78,
          "Organic Vegetables - Potatoes": 138.72,
          "Organic Fruit": 127.68,
          "Grass-fed Beef": 1710.34,
          "Spring Lamb": 488.78,
          "Organic Vegetables - Onions/Garlic": 113.76,
          "Dairy": 34.58,
          "Organs/Lard/Bones": 11.26,
          "Pasture Raised Pork": 85.33,
          "Uncategorized": 41.92,
          "Home Goods": 150.29,
          "Organ Meat & Lard": 18.94
        },
        "product": {
          "Raw Fresh Whole Milk": 1320,
          "Organic Pasture Raised Chicken Eggs": 850.08,
          "Honey, Raw": 376.04,
          "Rosette D' Oregon Salami *SALE*": 361.5,
          "Raw A2/A2 Milk": 361,
          "Ground Pork *SALE* 4 Lb pack": 342,
          "Ribeye Steak": 339.57,
          "Purple Sprouting Broccoli": 311.7,
          "Roasting Chicken": 277.2,
          "Ground Beef - All Natural": 248.76,
          "Raw Sweet Cream Butter": 223.44,
          "New York Steak": 213.52,
          "Chicken Hindquarter": 208.58,
          "Pork Bacon": 199.43,
          "Live Culture Yogurt": 191.52,
          "Ground Lamb": 185.64,
          "Sweet Italian Sausage Links": 180.18,
          "Red Ranger Roaster": 174.78,
          "Shiitake Mushrooms": 174.56,
          "Peppered Knife Cut Beef Jerky": 155.04
        },
        "dropsite": {
          "Corvallis": 277.3,
          "Hollywood Farmers Market": 1325.05,
          "Cully": 424.11,
          "St Johns Farmers Market": 315.48,
          "Home Delivery - Corvallis": 197.38,
          "LCFM": 502.27,
          "PSU Farmers Market": 1217.86,
          "Woodstock": 654.31,
          "Friendly": 830.94,
          "Home Delivery - Eugene/Springfield/Junction City": 5283.77,
          "W 11th": 1096.25,
          "Farm - Tuesday": 811.75,
          "Irvington": 393.89,
          "Farm - Friday": 229.66
        }
      }
    },
    {
      "dateRange": "2024-04-01 to 2024-04-07",
      "data": {
        "totalSales": "12206.96",
        "numOrders": 124,
        "numSubscriberOrders": 120,
        "numGuestOrders": 4,
        "averageItemsPerOrder": 7,
        "averageOrderAmount": "100.22",
        "totalActiveSubscribers": 206,
        "projectedMonthlySubscriptionRevenue": 48602,
        "vendors": {
          "Deck Family Farm": 6618.59,
          "Grazier's Garden": 1237.83,
          "OGC": 455.06,
          "Creamy Cow, LLC": 2213.67,
          "Radiant Coffee Roasters": 190.19,
          "Small is Beautiful Farm": 452.2,
          "Deck Family Farm's Hyland Processing": 173.04,
          "River Ranch Oregon Olive OIl": 102.8,
          "Camas Country Mill": 209.12,
          "Kiko Denzer": 26.6,
          "Sweet Creek": 65.85,
          "Lonesome Whistle": 26.6,
          "BNF Kombucha and Jun": 25.44,
          "Reality Kitchen Nonprofit": 76.25,
          "Barrett Baking": 95.76,
          "Elegant Elephant Baking Co.": 152.3,
          "Spoiled Rotten Vinegar": 21.28,
          "Creole Me Up": 23.94,
          "Queen of Hearts Superfood": 35.12,
          "RL Plants": 5.32
        },
        "category": {
          "Pasture Raised Poultry": 235.64,
          "Sausages & Cured Meats": 1254.75,
          "Grass-fed Beef": 1711.06,
          "Pasture Raised Pork": 181.62,
          "Pasture-raised Poultry": 679.78,
          "Organic Vegetables - Herbs": 111.93,
          "Organic Vegetables - Leafy Greens": 619.92,
          "Organic Vegetables - Mushrooms": 327.09,
          "Organic Vegetables - Broccoli/Cauliflower/Cabbage": 527.28,
          "Raw Dairy (Unpasteurized)": 2173.77,
          "Organic Vegetables - Onions/Garlic": 88.48,
          "Pasture-raised Pork": 1180.63,
          "Organic Vegetables - Roots": 228.33,
          "Dry Goods": 1199.37,
          "Organic Fruit": 127.68,
          "Spring Lamb": 560.12,
          "Organic Vegetables - Potatoes": 114.38,
          "Organic Eggs": 796.95,
          "Home Goods": 31.92,
          "Dairy": 39.9,
          "Organs/Lard/Bones": 16.36
        },
        "product": {
          "Raw Fresh Whole Milk": 1162,
          "Organic Pasture Raised Chicken Eggs": 796.95,
          "Ground Beef - All Natural": 568.04,
          "Ground Pork *SALE* 4 Lb pack": 456,
          "Live Culture Yogurt": 321.86,
          "Purple Sprouting Broccoli": 306.72,
          "Roasting Chicken": 271.6,
          "Raw Fresh Sweet Cream": 235,
          "Raw A2/A2 Milk": 228,
          "Shiitake Mushrooms": 206.34,
          "Bone-In Chicken Breast": 190.96,
          "Chicken Hindquarter": 188.2,
          "Pork Bacon": 176.69,
          "Pork Belly": 164.82,
          "Honey, Raw": 156.24,
          "Winter Carrots": 154.28,
          "Ribeye Steak": 147.84,
          "Beef Tri-Tip": 146.72,
          "Western Beef Short Ribs, Large": 145.56,
          "Skirt Steak, Medium": 138.6
        },
        "dropsite": {
          "Farm - Friday": 999.54,
          "Hollywood Farmers Market": 1302.5,
          "Cully": 723.87,
          "LCFM": 412.08,
          "St Johns Farmers Market": 351.89,
          "PSU Farmers Market": 588.56,
          "Irvington": 186.53,
          "Woodstock": 621.41,
          "Farm - Tuesday": 293.53,
          "Home Delivery - Eugene/Springfield/Junction City": 4299.51,
          "Friendly": 1149.98,
          "W 11th": 1032.56,
          "Zafar Residence": 98,
          "Corvallis": 85.87,
          "Home Delivery - Corvallis": 61.13
        }
      }
    },
    {
      "dateRange": "2024-03-25 to 2024-03-31",
      "data": {
        "totalSales": "10108.85",
        "numOrders": 110,
        "numSubscriberOrders": 106,
        "numGuestOrders": 4,
        "averageItemsPerOrder": 6,
        "averageOrderAmount": "93.44",
        "totalActiveSubscribers": 206,
        "projectedMonthlySubscriptionRevenue": 48602,
        "vendors": {
          "Small is Beautiful Farm": 375.06,
          "OGC": 364.32,
          "Grazier's Garden": 747.66,
          "Camas Swale Farm": 3,
          "Creamy Cow, LLC": 2663.31,
          "Deck Family Farm": 5080.56,
          "Elegant Elephant Baking Co.": 266.45,
          "Reality Kitchen Nonprofit": 41.75,
          "Barrett Baking": 63.84,
          "River Ranch Oregon Olive OIl": 155.08,
          "Sweet Creek": 93.57,
          "Full Farm CSA": 22.61,
          "Lonesome Whistle": 4.43,
          "Camas Country Mill": 11.6,
          "Deck Family Farm's Hyland Processing": 88.2,
          "Queen of Hearts Superfood": 52.68,
          "Radiant Coffee Roasters": 43.89,
          "Kiko Denzer": 26.6,
          "BNF Kombucha and Jun": 4.24
        },
        "category": {
          "Organic Vegetables - Leafy Greens": 459.21,
          "Organic Vegetables - Roots": 186.54,
          "Organic Vegetables - Mushrooms": 256.32,
          "Organic Vegetables - Broccoli/Cauliflower/Cabbage": 255.22,
          "Raw Dairy (Unpasteurized)": 2570.21,
          "Organic Eggs": 649.88,
          "Sausages & Cured Meats": 1062.62,
          "Dry Goods": 1009.97,
          "Organic Fruit": 119.7,
          "Grass-fed Beef": 1198.74,
          "Organic Vegetables - Potatoes": 128.63,
          "Pasture-raised Poultry": 705.06,
          "Pasture-raised Pork": 403.04,
          "Organic Vegetables - Herbs": 84.42,
          "Dairy": 93.1,
          "Home Goods": 49.21,
          "Spring Lamb": 710.45,
          "Pasture Raised Poultry": 80.08,
          "Pasture Raised Pork": 66.34,
          "Organs/Lard/Bones": 20.11
        },
        "product": {
          "Raw Fresh Whole Milk": 1262,
          "Organic Pasture Raised Chicken Eggs": 649.88,
          "Ground Beef - All Natural": 364.76,
          "Raw A2/A2 Milk": 361,
          "Live Culture Yogurt": 321.86,
          "Lamb Chops, Loin *SALE*": 240.13,
          "Roasting Chicken": 235.2,
          "Honey, Raw": 217,
          "Purple Sprouting Broccoli": 208.02,
          "Raw Fresh Sweet Cream": 199.75,
          "Chicken Hindquarter": 169.38,
          "Honey Maple Ham, Sliced": 167.48,
          "Ribeye Steak": 166.32,
          "Lamb Shoulder Roast *SALE*": 162.36,
          "Raw Sweet Cream Butter": 159.6,
          "Winter Carrots": 159.6,
          "Bone-In Chicken Breast": 154,
          "Pork Bacon": 148.8,
          "Rack of Lamb *SALE*": 134.76,
          "Raw Cultured Butter": 130.34
        },
        "dropsite": {
          "Home Delivery - Corvallis": 496.23,
          "Hollywood Farmers Market": 1005.76,
          "St Johns Farmers Market": 467.54,
          "PSU Farmers Market": 826.16,
          "Cully": 626.98,
          "Woodstock": 407.21,
          "LCFM": 539.42,
          "Home Delivery - Eugene/Springfield/Junction City": 2971.41,
          "W 11th": 896.36,
          "Friendly": 741.58,
          "Farm - Tuesday": 318.76,
          "Zafar Residence": 98,
          "Farm - Friday": 376.91,
          "Corvallis": 336.53
        }
      }
    },
    {
      "dateRange": "2024-03-18 to 2024-03-24",
      "data": {
        "totalSales": "10887.88",
        "numOrders": 121,
        "numSubscriberOrders": 116,
        "numGuestOrders": 5,
        "averageItemsPerOrder": 7,
        "averageOrderAmount": "91.97",
        "totalActiveSubscribers": 206,
        "projectedMonthlySubscriptionRevenue": 48602,
        "vendors": {
          "Deck Family Farm's Hyland Processing": 315.84,
          "Deck Family Farm": 5673.24,
          "Creamy Cow, LLC": 2270.41,
          "Lonesome Whistle": 55.84,
          "OGC": 360.26,
          "Grazier's Garden": 976.85,
          "Sweet Creek": 60.74,
          "Radiant Coffee Roasters": 102.41,
          "Reality Kitchen Nonprofit": 81.55,
          "Barrett Baking": 106.4,
          "River Ranch Oregon Olive OIl": 191.92,
          "Small is Beautiful Farm": 271.92,
          "Elegant Elephant Baking Co.": 244.74,
          "Queen of Hearts Superfood": 61.46,
          "Spoiled Rotten Vinegar": 21.28,
          "Full Farm CSA": 45.22,
          "BNF Kombucha and Jun": 21.2,
          "Kiko Denzer": 26.6
        },
        "category": {
          "Sausages & Cured Meats": 1431.77,
          "Raw Dairy (Unpasteurized)": 2214.55,
          "Spring Lamb": 882.58,
          "Pasture-raised Poultry": 660.57,
          "Pasture-raised Pork": 435.03,
          "Dry Goods": 1122.68,
          "Organic Vegetables - Mushrooms": 221.26,
          "Grass-fed Beef": 1612.38,
          "Organic Vegetables - Onions/Garlic": 90.7,
          "Organic Vegetables - Broccoli/Cauliflower/Cabbage": 329.75,
          "Organic Vegetables - Leafy Greens": 425.25,
          "Organic Eggs": 687.61,
          "Organic Vegetables - Roots": 236.17,
          "Organic Vegetables - Herbs": 63,
          "Organic Vegetables - Potatoes": 130.58,
          "Pasture Raised Poultry": 104,
          "Organic Fruit": 112.32,
          "Dairy": 55.86,
          "Home Goods": 71.82
        },
        "product": {
          "Raw Fresh Whole Milk": 1050,
          "Organic Pasture Raised Chicken Eggs": 687.61,
          "Ground Beef - All Natural": 417.7,
          "Raw A2/A2 Milk": 323,
          "Lamb Shoulder Roast *SALE*": 290.3,
          "Purple Sprouting Broccoli": 283.88,
          "Live Culture Yogurt": 276.64,
          "Raw Fresh Sweet Cream": 211.5,
          "Chicken Wings": 185.64,
          "Chicken Hindquarter": 172.5,
          "Beef Chuck Roast": 171.88,
          "Farm Made English Breakfast Sausage": 164.64,
          "Winter Carrots": 159.6,
          "Pork Chop, Boneless Thick Cut": 158.04,
          "Raw Cultured Butter": 148.96,
          "Olive Oil 2022 Arbequina": 148.24,
          "Ground Pork": 146.16,
          "Olympia Provisions, Dog Treats": 142.12,
          "Roasting Chicken": 141.1,
          "Pork Bacon": 136.4
        },
        "dropsite": {
          "Hollywood Farmers Market": 823.24,
          "LCFM": 309.69,
          "PSU Farmers Market": 1162.67,
          "Farm - Friday": 438.83,
          "Cully": 1184.44,
          "Woodstock": 701.32,
          "Home Delivery - Eugene/Springfield/Junction City": 3175.03,
          "Farm - Tuesday": 612.17,
          "Friendly": 993.81,
          "W 11th": 1083.29,
          "St Johns Farmers Market": 94.64,
          "Corvallis": 56.45,
          "Home Delivery - Corvallis": 252.3
        }
      }
    },
    {
      "dateRange": "2024-03-11 to 2024-03-17",
      "data": {
        "totalSales": "13272.67",
        "numOrders": 134,
        "numSubscriberOrders": 130,
        "numGuestOrders": 4,
        "averageItemsPerOrder": 7,
        "averageOrderAmount": "100.24",
        "totalActiveSubscribers": 206,
        "projectedMonthlySubscriptionRevenue": 48602,
        "vendors": {
          "Sweet Creek": 157.18,
          "RL Plants": 15.96,
          "Grazier's Garden": 1251.22,
          "Camas Country Mill": 46.63,
          "Deck Family Farm": 7345.77,
          "OGC": 449.35,
          "Small is Beautiful Farm": 287.68,
          "Deck Family Farm's Hyland Processing": 233.52,
          "Barrett Baking": 95.76,
          "River Ranch Oregon Olive OIl": 220.16,
          "Reality Kitchen Nonprofit": 96.6,
          "Elegant Elephant Baking Co.": 133.48,
          "Creamy Cow, LLC": 2620.86,
          "Radiant Coffee Roasters": 146.3,
          "Lonesome Whistle": 38.11,
          "BNF Kombucha and Jun": 13.58,
          "Queen of Hearts Superfood": 52.68,
          "Full Farm CSA": 46.55,
          "Spoiled Rotten Vinegar": 21.28
        },
        "category": {
          "Dry Goods": 1247.72,
          "Home Goods": 62.51,
          "Organic Vegetables - Leafy Greens": 570.99,
          "Grass-fed Beef": 2535.48,
          "Organic Vegetables - Broccoli/Cauliflower/Cabbage": 247.17,
          "Pasture-raised Poultry": 959.99,
          "Organic Vegetables - Roots": 266.46,
          "Sausages & Cured Meats": 1484.9,
          "Organic Vegetables - Mushrooms": 318.78,
          "Organic Fruit": 127.68,
          "Pasture Raised Poultry": 67.71,
          "Pasture Raised Pork": 146.16,
          "Organic Vegetables - Potatoes": 208.27,
          "Pasture-raised Pork": 774.07,
          "Organic Vegetables - Onions/Garlic": 58.56,
          "Organic Eggs": 880.88,
          "Organic Vegetables - Herbs": 190.34,
          "Spring Lamb": 504.14,
          "Raw Dairy (Unpasteurized)": 2559.68,
          "Dairy": 61.18
        },
        "product": {
          "Raw Fresh Whole Milk": 1242,
          "Organic Pasture Raised Chicken Eggs": 880.88,
          "Ground Beef - All Natural": 576.42,
          "Raw A2/A2 Milk": 304,
          "Chicken Wings": 296.28,
          "Pork Chop, Boneless Thick Cut": 289.74,
          "Pork Bacon": 287.26,
          "Roasting Chicken": 279.38,
          "Beef Brisket Small *SALE*": 272.8,
          "Live Culture Yogurt": 255.36,
          "Ribeye Steak": 226.38,
          "Pork Shoulder Roast": 207.9,
          "Raw Sweet Cream Butter": 207.48,
          "Pork Tenderloin Roast": 202.75,
          "Beef Stew Meat": 200.53,
          "Shiitake Mushrooms": 198.03,
          "Honey, Raw": 196.14,
          "Beef Brisket  Extra Large *SALE*": 186.99,
          "Bone-In Chicken Breast": 184.8,
          "Honey Maple Ham, Sliced": 180.18
        },
        "dropsite": {
          "Farm - Friday": 582.07,
          "Woodstock": 417.15,
          "Cully": 605.76,
          "LCFM": 306.74,
          "Irvington": 366.36,
          "Home Delivery - Corvallis": 267.24,
          "Hollywood Farmers Market": 1158.6,
          "St Johns Farmers Market": 307.12,
          "Home Delivery - Eugene/Springfield/Junction City": 5195.61,
          "Farm - Tuesday": 926.24,
          "Friendly": 1204.86,
          "W 11th": 998.42,
          "PSU Farmers Market": 766.2,
          "Zafar Residence": 112,
          "Corvallis": 58.3
        }
      }
    },
    {
      "dateRange": "2024-03-04 to 2024-03-10",
      "data": {
        "totalSales": "12356.39",
        "numOrders": 139,
        "numSubscriberOrders": 134,
        "numGuestOrders": 5,
        "averageItemsPerOrder": 7,
        "averageOrderAmount": "90.77",
        "totalActiveSubscribers": 206,
        "projectedMonthlySubscriptionRevenue": 48602,
        "vendors": {
          "Barrett Baking": 148.96,
          "Radiant Coffee Roasters": 146.3,
          "Deck Family Farm": 6005.46,
          "Grazier's Garden": 1242.81,
          "OGC": 422.78,
          "Elegant Elephant Baking Co.": 237.95,
          "Sweet Creek": 125.35,
          "RL Plants": 27.93,
          "Reality Kitchen Nonprofit": 95.7,
          "Creamy Cow, LLC": 2771.24,
          "Camas Country Mill": 86.9,
          "Small is Beautiful Farm": 291.67,
          "River Ranch Oregon Olive OIl": 155.96,
          "Deck Family Farm's Hyland Processing": 405.3,
          "Lonesome Whistle": 81.65,
          "BNF Kombucha and Jun": 62.81,
          "Queen of Hearts Superfood": 26.34,
          "Spoiled Rotten Vinegar": 21.28
        },
        "category": {
          "Dry Goods": 1511.06,
          "Sausages & Cured Meats": 1639.62,
          "Organic Vegetables - Leafy Greens": 635.12,
          "Organic Vegetables - Roots": 296.36,
          "Organic Vegetables - Mushrooms": 250.74,
          "Pasture-raised Pork": 421.91,
          "Grass-fed Beef": 2075.92,
          "Spring Lamb": 161.3,
          "Home Goods": 27.93,
          "Organic Eggs": 908.6,
          "Organic Vegetables - Broccoli/Cauliflower/Cabbage": 189.97,
          "Organic Vegetables - Potatoes": 255.53,
          "Raw Dairy (Unpasteurized)": 2718.04,
          "Organic Fruit": 111.72,
          "Organic Vegetables - Herbs": 150.44,
          "Organs/Lard/Bones": 70.44,
          "Pasture-raised Poultry": 777.48,
          "Organic Vegetables - Onions/Garlic": 30.14,
          "Pasture Raised Poultry": 14.1,
          "Dairy": 53.2,
          "Pasture Raised Pork": 19.53,
          "Organic Vegetables - Squash": 37.24
        },
        "product": {
          "Raw Fresh Whole Milk": 1324,
          "Organic Pasture Raised Chicken Eggs": 908.6,
          "Ground Beef - All Natural": 439.06,
          "Raw A2/A2 Milk": 437,
          "Beef Brisket": 433.62,
          "Live Culture Yogurt": 292.6,
          "Chicken Hindquarter": 291.66,
          "Pork Bacon": 225.26,
          "Ribeye Steak": 221.76,
          "Honey, Raw": 221.06,
          "Raw Fresh Sweet Cream": 211.5,
          "Rainbow Chard": 173.1,
          "New York Steak": 166.64,
          "Honey Maple Ham, Sliced": 166.32,
          "Pork Frankfurter *Sale $2 Off*": 166.32,
          "Winter Carrots": 160,
          "Olive Oil 2022 Arbequina": 155.96,
          "Organic Artisan Sourdough Loaf": 148.96,
          "Ground Country Sausage": 145.74,
          "Roasting Chicken": 141.1
        },
        "dropsite": {
          "PSU Farmers Market": 1162.23,
          "St Johns Farmers Market": 541.14,
          "Cully": 293.16,
          "Woodstock": 597.55,
          "Farm - Friday": 288.59,
          "Hollywood Farmers Market": 738.21,
          "Irvington": 308.58,
          "Farm - Tuesday": 590.45,
          "Home Delivery - Eugene/Springfield/Junction City": 5347.87,
          "W 11th": 1128.82,
          "Friendly": 981.66,
          "LCFM": 101.06,
          "Corvallis": 81.3,
          "Zafar Residence": 126,
          "Home Delivery - Corvallis": 69.77
        }
      }
    },
    {
      "dateRange": "2024-02-26 to 2024-03-03",
      "data": {
        "totalSales": "13201.46",
        "numOrders": 141,
        "numSubscriberOrders": 139,
        "numGuestOrders": 2,
        "averageItemsPerOrder": 7,
        "averageOrderAmount": "95.12",
        "totalActiveSubscribers": 206,
        "projectedMonthlySubscriptionRevenue": 48602,
        "vendors": {
          "Deck Family Farm": 6654.75,
          "Deck Family Farm's Hyland Processing": 260.4,
          "OGC": 563.68,
          "Grazier's Garden": 1112.41,
          "Creamy Cow, LLC": 2866.95,
          "Reality Kitchen Nonprofit": 96.75,
          "Radiant Coffee Roasters": 190.19,
          "BNF Kombucha and Jun": 131.81,
          "Sweet Creek": 209.03,
          "Small is Beautiful Farm": 353.78,
          "Lonesome Whistle": 162.2,
          "RL Plants": 21.28,
          "Camas Country Mill": 220.67,
          "Elegant Elephant Baking Co.": 272.44,
          "Barrett Baking": 74.48,
          "Spoiled Rotten Vinegar": 10.64
        },
        "category": {
          "Organic Eggs": 766.92,
          "Organs/Lard/Bones": 23.52,
          "Sausages & Cured Meats": 1932.66,
          "Organic Vegetables - Mushrooms": 316.47,
          "Organic Vegetables - Broccoli/Cauliflower/Cabbage": 133.9,
          "Pasture-raised Pork": 474.29,
          "Grass-fed Beef": 2284.16,
          "Spring Lamb": 389.78,
          "Raw Dairy (Unpasteurized)": 2832.37,
          "Organic Vegetables - Herbs": 142.57,
          "Pasture-raised Poultry": 764.94,
          "Dry Goods": 1591.48,
          "Organic Vegetables - Potatoes": 430.49,
          "Organic Vegetables - Roots": 335.72,
          "Organic Fruit": 127.68,
          "Organic Vegetables - Squash": 63.84,
          "Organic Vegetables - Leafy Greens": 479.2,
          "Home Goods": 21.28,
          "Dairy": 34.58,
          "Uncategorized": 5.75,
          "Pantry Items": 16.26,
          "Pantry - Honey & Nuts": 33.6
        },
        "product": {
          "Raw Fresh Whole Milk": 1296,
          "Organic Pasture Raised Chicken Eggs": 766.92,
          "Ground Beef - All Natural": 503.14,
          "Pork Bacon": 436.06,
          "Raw A2/A2 Milk": 380,
          "Roasting Chicken": 338.64,
          "Live Culture Yogurt": 289.94,
          "Beef Brisket": 235.69,
          "Beef Flank Steak": 232.83,
          "Pinto Gold Potatoes": 225.4,
          "Ribeye Steak": 221.76,
          "Honey, Raw": 208.32,
          "Henni Penni Hispanico  6.3-7.3oz": 200.64,
          "Beef Chuck Roast": 195.3,
          "Pork Frankfurter *Sale $2 Off*": 190.08,
          "Chicken Hindquarter": 188.16,
          "Top Sirloin Steak": 179.94,
          "Raw Sweet Cream Butter": 175.56,
          "Shiitake Mushrooms": 164.22,
          "Winter Carrots": 159.6
        },
        "dropsite": {
          "Irvington": 469.33,
          "PSU Farmers Market": 1039.7,
          "LCFM": 172.47,
          "Cully": 359.07,
          "Hollywood Farmers Market": 1282.4,
          "St Johns Farmers Market": 406.22,
          "Woodstock": 605.32,
          "Farm - Friday": 880.46,
          "Home Delivery - Eugene/Springfield/Junction City": 4046.19,
          "Friendly": 1615.97,
          "W 11th": 948.35,
          "Zafar Residence": 126,
          "Corvallis": 114.31,
          "Farm - Tuesday": 487.29,
          "Home Delivery - Corvallis": 648.38
        }
      }
    },
    {
      "dateRange": "2024-02-19 to 2024-02-25",
      "data": {
        "totalSales": "10309.13",
        "numOrders": 129,
        "numSubscriberOrders": 122,
        "numGuestOrders": 7,
        "averageItemsPerOrder": 7,
        "averageOrderAmount": "81.39",
        "totalActiveSubscribers": 206,
        "projectedMonthlySubscriptionRevenue": 48602,
        "vendors": {
          "Reality Kitchen Nonprofit": 64.05,
          "Deck Family Farm": 3865.21,
          "Creamy Cow, LLC": 2289.75,
          "Sweet Creek": 362.02,
          "Grazier's Garden": 863.37,
          "OGC": 584.25,
          "BNF Kombucha and Jun": 289.56,
          "Spoiled Rotten Vinegar": 30.59,
          "Barrett Baking": 95.76,
          "Elegant Elephant Baking Co.": 168.58,
          "Deck Family Farm's Hyland Processing": 581.08,
          "Radiant Coffee Roasters": 204.82,
          "Lonesome Whistle": 162.55,
          "Small is Beautiful Farm": 394.88,
          "Camas Country Mill": 273.59,
          "RL Plants": 32.32,
          "River Ranch Oregon Olive OIl": 29.19,
          "Queen of Hearts Superfood": 17.56
        },
        "category": {
          "Uncategorized": 64.14,
          "Grass-fed Beef": 860.06,
          "Raw Dairy (Unpasteurized)": 2255.17,
          "Dry Goods": 1127.06,
          "Organic Vegetables - Leafy Greens": 385.75,
          "Organic Fruit": 251.12,
          "Organic Eggs": 873.95,
          "Sausages & Cured Meats": 1368.05,
          "Organic Vegetables - Mushrooms": 292.24,
          "Organic Vegetables - Roots": 401.28,
          "Organic Vegetables - Potatoes": 234.4,
          "Pasture-raised Poultry": 479.64,
          "Pasture-raised Pork": 279.55,
          "Spring Lamb": 305.78,
          "Home Goods": 26.6,
          "Organic Vegetables - Broccoli/Cauliflower/Cabbage": 163.79,
          "Organic Vegetables - Squash": 74.48,
          "Organ Meat & Lard": 24.36,
          "Pantry Items": 717.69,
          "Organs/Lard/Bones": 34.44,
          "Organic Vegetables - Herbs": 28,
          "Dairy": 34.58,
          "Flowers": 5.72,
          "Pantry - Dressings/Oils/Vinegars": 10.64,
          "Pantry - Breads & Baked Goods": 10.64
        },
        "product": {
          "Raw Fresh Whole Milk": 1320,
          "Organic Pasture Raised Chicken Eggs": 873.95,
          "Ground Beef - All Natural": 229.24,
          "Raw A2/A2 Milk": 228,
          "Live Culture Yogurt": 207.48,
          "Raw Fresh Sweet Cream": 199.75,
          "Farm Made English Breakfast Sausage *Sale": 179.86,
          "Honey, Raw": 171.22,
          "Pork Bacon": 164.29,
          "Winter Carrots": 160,
          "Shiitake Mushrooms": 150.09,
          "Crimini Mushrooms": 142.15,
          "Lamb Shank - Whole": 134.4,
          "Farm Made Bangers *Sale": 129.57,
          "Green Cabbage": 128.48,
          "Mixed Dried Fruit": 127.68,
          "Red D'Anjou Pears": 123.44,
          "Fresh Pork Loukaniko Sausage - made weekly in our farm kitchen! *Sale*": 122.49,
          "Just Apple Apple Sauce": 120.75,
          "Chicken Hindquarter": 117.6
        },
        "dropsite": {
          "Farm - Friday": 295.98,
          "Corvallis": 398.65,
          "Woodstock": 792.26,
          "St Johns Farmers Market": 478.27,
          "Cully": 504.17,
          "Irvington": 406.79,
          "LCFM": 183.62,
          "PSU Farmers Market": 1032.3,
          "Home Delivery - Corvallis": 477.01,
          "Hollywood Farmers Market": 862.45,
          "Home Delivery - Eugene/Springfield/Junction City": 2713.48,
          "Friendly": 680.99,
          "Farm - Tuesday": 744.72,
          "Zafar Residence": 112,
          "W 11th": 626.44
        }
      }
    },
    {
      "dateRange": "2024-02-12 to 2024-02-18",
      "data": {
        "totalSales": "12064.31",
        "numOrders": 140,
        "numSubscriberOrders": 139,
        "numGuestOrders": 1,
        "averageItemsPerOrder": 6,
        "averageOrderAmount": "88.03",
        "totalActiveSubscribers": 206,
        "projectedMonthlySubscriptionRevenue": 48602,
        "vendors": {
          "Sweet Creek": 22.49,
          "Creamy Cow, LLC": 2644.16,
          "Grazier's Garden": 904,
          "Deck Family Farm": 6037.67,
          "Deck Family Farm's Hyland Processing": 365.9,
          "Barrett Baking": 127.68,
          "OGC": 594.96,
          "Reality Kitchen Nonprofit": 144.85,
          "Lonesome Whistle": 84.2,
          "Radiant Coffee Roasters": 219.45,
          "Elegant Elephant Baking Co.": 259.36,
          "Small is Beautiful Farm": 404.28,
          "Spoiled Rotten Vinegar": 29.26,
          "Kiko Denzer": 70.34,
          "Camas Country Mill": 120.66,
          "Full Farm CSA": 23.94,
          "Creole Me Up": 11.11
        },
        "category": {
          "Pantry Items": 1199.66,
          "Raw Dairy (Unpasteurized)": 2588.3,
          "Organic Vegetables - Potatoes": 288.73,
          "Sausages & Cured Meats": 2288.71,
          "Organic Eggs": 776.16,
          "Organic Vegetables - Mushrooms": 292.32,
          "Pasture-raised Pork": 511.78,
          "Spring Lamb": 274.72,
          "Grass-fed Beef": 1669.3,
          "Organic Vegetables - Roots": 283,
          "Organic Vegetables - Leafy Greens": 371.05,
          "Organic Fruit": 323.78,
          "Organic Vegetables - Onions/Garlic": 40,
          "Pasture-raised Poultry": 602.1,
          "Organs/Lard/Bones": 25.62,
          "Organ Meat & Lard": 84.42,
          "Organic Vegetables - Broccoli/Cauliflower/Cabbage": 159.6,
          "Organic Vegetables - Herbs": 49,
          "Organic Vegetables - Squash": 95.76,
          "Home Goods": 70.34,
          "Dairy": 55.86,
          "Pasture Raised Poultry": 14.1
        },
        "product": {
          "Raw Fresh Whole Milk": 1454,
          "Organic Pasture Raised Chicken Eggs": 776.16,
          "Beef Tenderloin": 325.66,
          "Farm Made Bangers *Sale": 321.25,
          "Farm Made English Breakfast Sausage *Sale": 307.71,
          "Raw A2/A2 Milk": 285,
          "Ground Beef - All Natural": 256.22,
          "Pork Bacon": 248,
          "Fresh Pork Loukaniko Sausage - made weekly in our farm kitchen! *Sale*": 244.98,
          "Live Culture Yogurt": 226.1,
          "Roasting Chicken": 219.06,
          "Chicken Hindquarter": 188.16,
          "Smoked Polish Kielbasa Sausage": 180.18,
          "Raw Fresh Sweet Cream": 176.25,
          "Raw Sweet Cream Butter": 173.6,
          "Winter Carrots": 159.6,
          "Green Cabbage": 159.6,
          "Crimini Mushrooms": 152.25,
          "Skirt Steak": 147.86,
          "Ground Pork": 146.16
        },
        "dropsite": {
          "Farm - Friday": 814.91,
          "Woodstock": 498.76,
          "Hollywood Farmers Market": 1075.8,
          "St Johns Farmers Market": 395.9,
          "LCFM": 86.46,
          "Irvington": 441.43,
          "PSU Farmers Market": 807.63,
          "Home Delivery - Eugene/Springfield/Junction City": 4206.93,
          "Friendly": 1116.82,
          "Farm - Tuesday": 974.31,
          "W 11th": 741.43,
          "Cully": 575.77,
          "Corvallis": 136.48,
          "Home Delivery - Corvallis": 65.68,
          "Zafar Residence": 126
        }
      }
    },
    {
      "dateRange": "2024-02-05 to 2024-02-11",
      "data": {
        "totalSales": "12903.34",
        "numOrders": 143,
        "numSubscriberOrders": 140,
        "numGuestOrders": 3,
        "averageItemsPerOrder": 7,
        "averageOrderAmount": "92.05",
        "totalActiveSubscribers": 206,
        "projectedMonthlySubscriptionRevenue": 48602,
        "vendors": {
          "Deck Family Farm": 7437.88,
          "OGC": 769.23,
          "Grazier's Garden": 943.78,
          "Lonesome Whistle": 62.02,
          "Small is Beautiful Farm": 325.98,
          "Creamy Cow, LLC": 2356.81,
          "Jar Joy Goods": 55.79,
          "Radiant Coffee Roasters": 263.34,
          "Elegant Elephant Baking Co.": 233.59,
          "Barrett Baking": 108.16,
          "RL Plants": 27.93,
          "Reality Kitchen Nonprofit": 68,
          "Sweet Creek": 42.69,
          "Spoiled Rotten Vinegar": 19.32,
          "Camas Country Mill": 23.25,
          "Queen of Hearts Superfood": 17.56,
          "Creole Me Up": 79.22,
          "River Ranch Oregon Olive OIl": 29.19,
          "Kiko Denzer": 39.6
        },
        "category": {
          "Grass-fed Beef": 2360.49,
          "Pasture-raised Pork": 776.43,
          "Pasture-raised Poultry": 1316,
          "Organic Vegetables - Mushrooms": 395.37,
          "Organic Vegetables - Leafy Greens": 209.16,
          "Pantry Items": 572.04,
          "Organic Vegetables - Potatoes": 383.42,
          "Organic Vegetables - Onions/Garlic": 132.8,
          "Sausages & Cured Meats": 1511.53,
          "Organic Fruit": 343.36,
          "Organic Vegetables - Roots": 309.83,
          "Organic Vegetables - Squash": 95.76,
          "Raw Dairy (Unpasteurized)": 2231.86,
          "Organic Vegetables - Broccoli/Cauliflower/Cabbage": 133,
          "Home Goods": 123.32,
          "Organic Eggs": 732.27,
          "Pantry - Breads & Baked Goods": 241.4,
          "Pantry - Beans/Grains/Pasta": 36.54,
          "Organs/Lard/Bones": 95.9,
          "Pantry - Honey & Nuts": 172.06,
          "Pantry - Snacks": 26.58,
          "Dairy": 53.2,
          "Organic Vegetables - Other": 4.29,
          "Uncategorized": 23.56,
          "Organic Vegetables - Herbs": 32,
          "Organ Meat & Lard": 67.2,
          "Spring Lamb": 319.8,
          "Pantry - Dressings/Oils/Vinegars": 37.97,
          "Pantry - Canned/Jarred/Preserved": 94.45,
          "Raw Dairy": 71.75
        },
        "product": {
          "Raw Fresh Whole Milk": 1146,
          "Organic Pasture Raised Chicken Eggs": 732.27,
          "Ground Beef - All Natural *Sale on 4 pack*": 680,
          "Pork Bacon": 499.09,
          "Roasting Chicken": 466.34,
          "Bone-In Chicken Breast": 443.52,
          "Ground Beef - All Natural *Sale*": 368,
          "Raw A2/A2 Milk": 361,
          "Pork Shoulder Roast": 282.77,
          "Ribeye Steak": 249.48,
          "Ground Beef - Organic": 241.3,
          "Live Culture Yogurt": 236.74,
          "Chicken Hindquarter": 235.2,
          "Shiitake Mushrooms": 227.37,
          "Pork Tenderloin Roast": 214.68,
          "Crimini Mushrooms": 168,
          "Sweet Italian Sausage Links": 167.48,
          "Pinto Gold Potatoes": 164.91,
          "Ground Pork": 158.34,
          "Honey Maple Ham, Sliced": 153.62
        },
        "dropsite": {
          "PSU Farmers Market": 1379.47,
          "Cully": 577.07,
          "Farm - Friday": 865.45,
          "St Johns Farmers Market": 348.18,
          "Irvington": 314.35,
          "Woodstock": 793.46,
          "Corvallis": 169.49,
          "Hollywood Farmers Market": 739.95,
          "Home Delivery - Corvallis": 384.83,
          "Friendly": 1026.63,
          "Farm - Tuesday": 970.4,
          "Home Delivery - Eugene/Springfield/Junction City": 4303.27,
          "W 11th": 949.28,
          "LCFM": 81.51
        }
      }
    },
    {
      "dateRange": "2024-01-29 to 2024-02-04",
      "data": {
        "totalSales": "13892.97",
        "numOrders": 159,
        "numSubscriberOrders": 154,
        "numGuestOrders": 5,
        "averageItemsPerOrder": 7,
        "averageOrderAmount": "89.26",
        "totalActiveSubscribers": 206,
        "projectedMonthlySubscriptionRevenue": 48602,
        "vendors": {
          "Small is Beautiful Farm": 357.15,
          "Elegant Elephant Baking Co.": 254.02,
          "Creamy Cow, LLC": 2921.71,
          "Deck Family Farm": 7640.69,
          "Full Farm CSA": 64.59,
          "Grazier's Garden": 1280.75,
          "OGC": 869.25,
          "Reality Kitchen Nonprofit": 139.5,
          "BNF Kombucha and Jun": 108.74,
          "Lonesome Whistle": 87.72,
          "Camas Country Mill": 25.46,
          "Sweet Creek": 58.39,
          "Spoiled Rotten Vinegar": 21.28,
          "Creole Me Up": 46.16,
          "Queen of Hearts Superfood": 17.56
        },
        "category": {
          "Organic Vegetables - Roots": 388.55,
          "Pantry - Breads & Baked Goods": 393.52,
          "Raw Dairy (Unpasteurized)": 2832.76,
          "Grass-fed Beef": 2371.63,
          "Organic Vegetables - Onions/Garlic": 54.63,
          "Organic Eggs": 797.72,
          "Sausages & Cured Meats": 1937.36,
          "Organic Vegetables - Potatoes": 413.49,
          "Organic Vegetables - Squash": 85.12,
          "Organic Vegetables - Mushrooms": 389.11,
          "Organic Fruit": 437.87,
          "Pasture-raised Pork": 861.58,
          "Organic Vegetables - Herbs": 178.97,
          "Uncategorized": 5.72,
          "Organic Vegetables - Leafy Greens": 368.24,
          "Organic Vegetables - Broccoli/Cauliflower/Cabbage": 250.04,
          "Organs/Lard/Bones": 57.96,
          "Pasture-raised Poultry": 962.78,
          "Spring Lamb": 400.4,
          "Pantry - Kombucha & Jun": 108.74,
          "Pantry - Beans/Grains/Pasta": 73.31,
          "Pantry - Honey & Nuts": 222.7,
          "Pantry - Canned/Jarred/Preserved": 104.55,
          "Pantry - Snacks": 39.87,
          "Pantry - Dressings/Oils/Vinegars": 38.84,
          "Dairy": 53.2,
          "Organ Meat & Lard": 28.56,
          "Raw Dairy": 35.75
        },
        "product": {
          "Raw Fresh Whole Milk": 1552,
          "Organic Pasture Raised Chicken Eggs": 742.28,
          "Ground Beef - Organic": 546.78,
          "Ribeye Steak": 392.7,
          "Chicken Hindquarter": 376.32,
          "Pork Shoulder Roast": 335.44,
          "Roasting Chicken": 331.94,
          "Beef Stew Meat": 291.68,
          "Pork Bacon": 273.83,
          "Live Culture Yogurt": 266,
          "Raw A2/A2 Milk": 266,
          "Sweet Italian Sausage Links": 263.34,
          "Green Cabbage": 255.76,
          "Western Beef Short Ribs": 222.24,
          "Raw Fresh Sweet Cream": 211.5,
          "Crimini Mushrooms": 210.4,
          "Beef Chuck Roast": 201.82,
          "Pork Tenderloin Roast": 196.79,
          "Ground Pork": 194.88,
          "Honey Maple Ham, Sliced": 181.34
        },
        "dropsite": {
          "Hollywood Farmers Market": 1625.14,
          "Zafar Residence": 84,
          "Farm - Friday": 266.18,
          "Cully": 658.86,
          "PSU Farmers Market": 1266.82,
          "Friendly": 844.24,
          "St Johns Farmers Market": 418.62,
          "Woodstock": 1141.29,
          "Irvington": 587.7,
          "Corvallis": 145.14,
          "LCFM": 319.37,
          "Home Delivery - Eugene/Springfield/Junction City": 3832.97,
          "Farm - Tuesday": 1259.93,
          "W 11th": 995.71,
          "Home Delivery - Corvallis": 447
        }
      }
    },
    {
      "dateRange": "2024-01-22 to 2024-01-28",
      "data": {
        "totalSales": "14536.39",
        "numOrders": 152,
        "numSubscriberOrders": 147,
        "numGuestOrders": 5,
        "averageItemsPerOrder": 7,
        "averageOrderAmount": "97.34",
        "totalActiveSubscribers": 206,
        "projectedMonthlySubscriptionRevenue": 48602,
        "vendors": {
          "Creamy Cow, LLC": 2774.36,
          "OGC": 973.14,
          "Grazier's Garden": 1249.21,
          "Lonesome Whistle": 101.11,
          "Deck Family Farm": 8006.86,
          "Small is Beautiful Farm": 105.75,
          "Full Farm CSA": 33.87,
          "Elegant Elephant Baking Co.": 254.71,
          "BNF Kombucha and Jun": 333.98,
          "Reality Kitchen Nonprofit": 120.25,
          "Barrett Baking": 85.12,
          "Radiant Coffee Roasters": 117.04,
          "Creole Me Up": 81.21,
          "Sweet Creek": 144.8,
          "Kiko Denzer": 63.54,
          "RL Plants": 5.32,
          "Queen of Hearts Superfood": 26.34,
          "Spoiled Rotten Vinegar": 30.59,
          "River Ranch Oregon Olive OIl": 29.19
        },
        "category": {
          "Raw Dairy (Unpasteurized)": 2654.54,
          "Organic Vegetables - Roots": 485.73,
          "Pantry - Snacks": 94.02,
          "Pantry - Honey & Nuts": 485.94,
          "Organic Vegetables - Potatoes": 512.03,
          "Organic Fruit": 276.24,
          "Organic Eggs": 1026.41,
          "Grass-fed Beef": 2135.39,
          "Organic Vegetables - Mushrooms": 490.86,
          "Spring Lamb": 403.61,
          "Sausages & Cured Meats": 1766.97,
          "Pantry - Breads & Baked Goods": 460.08,
          "Organic Vegetables - Leafy Greens": 227.79,
          "Pasture-raised Poultry": 989.48,
          "Pasture-raised Pork": 997.43,
          "Pantry - Kombucha & Jun": 333.98,
          "Pantry - Beans/Grains/Pasta": 7.09,
          "Organic Vegetables - Squash": 95.76,
          "Organic Vegetables - Herbs": 168.49,
          "Organic Vegetables - Broccoli/Cauliflower/Cabbage": 101.08,
          "Pantry - Coffee": 117.04,
          "Pantry - Canned/Jarred/Preserved": 226.01,
          "Pasture Raised Pork": 110.49,
          "Organ Meat & Lard": 68.88,
          "Home Goods": 68.86,
          "Pantry - Dressings/Oils/Vinegars": 86.12,
          "Dairy": 71.82,
          "Organic Vegetables - Onions/Garlic": 3.99,
          "Raw Dairy": 48,
          "Organs/Lard/Bones": 22.26
        },
        "product": {
          "Raw Fresh Whole Milk": 1290,
          "HAPPY HEN SALE - Organic Pasture Raised Chicken Eggs": 960.96,
          "Ground Beef - Organic": 683.22,
          "Roasting Chicken": 416.6,
          "Live Culture Yogurt": 388.36,
          "Pork Bacon": 385.43,
          "Pork Shoulder Roast": 381.39,
          "Raw Honey": 370.86,
          "Raw A2/A2 Milk": 323,
          "Raw Sweet Cream Butter": 308,
          "Shiitake Mushrooms": 280.86,
          "Pork Chops Bone-In": 276.53,
          "Chicken Hindquarter": 235.2,
          "Beef Chuck Roast": 234.36,
          "Ground Pork": 221.28,
          "Crimini Mushrooms": 210,
          "New York Steak": 192.68,
          "Honey Maple Ham, Sliced": 180.18,
          "Ground Lamb": 172.55,
          "Yukon Potatoes": 170.43
        },
        "dropsite": {
          "Zafar Residence": 98,
          "Home Delivery - Eugene/Springfield/Junction City": 5261.44,
          "Woodstock": 353.18,
          "Cully": 695.83,
          "Farm - Friday": 748.44,
          "Hollywood Farmers Market": 704.8,
          "Corvallis": 313.63,
          "Home Delivery - Corvallis": 147.49,
          "Irvington": 491.63,
          "PSU Farmers Market": 927.59,
          "St Johns Farmers Market": 501.51,
          "Farm - Tuesday": 1594.19,
          "W 11th": 1448.64,
          "Friendly": 1250.02
        }
      }
    },
    {
      "dateRange": "2024-01-15 to 2024-01-21",
      "data": {
        "totalSales": "4477.63",
        "numOrders": 51,
        "numSubscriberOrders": 48,
        "numGuestOrders": 3,
        "averageItemsPerOrder": 7,
        "averageOrderAmount": "88.19",
        "totalActiveSubscribers": 206,
        "projectedMonthlySubscriptionRevenue": 48602,
        "vendors": {
          "Barrett Baking": 108.16,
          "Creamy Cow, LLC": 820.03,
          "Deck Family Farm": 2607.78,
          "Elegant Elephant Baking Co.": 56.2,
          "OGC": 278.59,
          "Full Farm CSA": 35.23,
          "Small is Beautiful Farm": 23.75,
          "Radiant Coffee Roasters": 131.67,
          "Reality Kitchen Nonprofit": 20.75,
          "Grazier's Garden": 139.2,
          "BNF Kombucha and Jun": 54.08,
          "Lonesome Whistle": 59.57,
          "Queen of Hearts Superfood": 44.56,
          "Sweet Creek": 26.38,
          "Kiko Denzer": 26.6,
          "Camas Country Mill": 25.79,
          "Spoiled Rotten Vinegar": 9.31,
          "Creole Me Up": 9.98
        },
        "category": {
          "Pantry - Breads & Baked Goods": 185.11,
          "Raw Dairy (Unpasteurized)": 48,
          "Raw Dairy": 772.03,
          "Organic Eggs": 334.18,
          "Organic Fruit": 73.43,
          "Organic Vegetables - Onions/Garlic": 25.27,
          "Pasture-raised Pork": 208.49,
          "Grass-fed Beef": 662.06,
          "Organic Vegetables - Roots": 83.47,
          "Sausages & Cured Meats": 620.45,
          "Organic Vegetables - Mushrooms": 129.78,
          "Pasture-raised Poultry": 388.9,
          "Spring Lamb": 68.6,
          "Pantry - Coffee": 131.67,
          "Organic Vegetables - Squash": 21.28,
          "Organic Vegetables - Potatoes": 77.21,
          "Pantry - Kombucha & Jun": 54.08,
          "Pantry - Snacks": 54.81,
          "Pantry - Dressings/Oils/Vinegars": 53.87,
          "Pantry - Beans/Grains/Pasta": 30.55,
          "Organic Vegetables - Leafy Greens": 66.33,
          "Pantry - Honey & Nuts": 245.7,
          "Pantry - Canned/Jarred/Preserved": 36.36,
          "Home Goods": 26.6,
          "Organ Meat & Lard": 8.4,
          "Organs/Lard/Bones": 71
        },
        "product": {
          "Raw Fresh Whole Milk": 532,
          "HAPPY HEN SALE - Organic Pasture Raised Chicken Eggs": 304.92,
          "Top Sirloin Steak": 209.93,
          "Roasting Chicken": 174.7,
          "Chicken Hindquarter": 141.12,
          "Cracked Walnuts": 129.36,
          "Sage and Sea Salt Pork Breakfast Sausage": 117.6,
          "Raw Honey": 116.34,
          "Ground Beef - Organic": 111.4,
          "Organic Artisan Sourdough Loaf": 108.16,
          "Pork Chop, Boneless": 91.48,
          "Ribeye Steak": 83.16,
          "Beef Chuck Roast": 78.12,
          "Shiitake Mushrooms": 77.28,
          "Pork Bacon": 74.4,
          "Chorizo Sausage": 69.3,
          "Bratwurst Sausage": 69.3,
          "Lamb Rib Chops": 68.6,
          "Beef Ground Organ Blend": 64.98,
          "Live Culture Yogurt": 61.18
        },
        "dropsite": {
          "Farm - Friday": 651.75,
          "PSU Farmers Market": 851.23,
          "St Johns Farmers Market": 367.87,
          "Irvington": 425.45,
          "Corvallis": 163.39,
          "Cully": 289.65,
          "Hollywood Farmers Market": 1105.82,
          "Woodstock": 376.66,
          "Zafar Residence": 108,
          "Home Delivery - Corvallis": 137.81
        }
      }
    },
    {
      "dateRange": "2024-01-08 to 2024-01-14",
      "data": {
        "totalSales": "12764.79",
        "numOrders": 130,
        "numSubscriberOrders": 125,
        "numGuestOrders": 5,
        "averageItemsPerOrder": 7,
        "averageOrderAmount": "100.11",
        "totalActiveSubscribers": 206,
        "projectedMonthlySubscriptionRevenue": 48602,
        "vendors": {
          "Radiant Coffee Roasters": 160.93,
          "Creamy Cow, LLC": 1988.49,
          "Deck Family Farm": 7522.95,
          "OGC": 750.14,
          "Elegant Elephant Baking Co.": 187.45,
          "Spoiled Rotten Vinegar": 70.49,
          "Grazier's Garden": 1363.9,
          "Barrett Baking": 95.76,
          "Small is Beautiful Farm": 75.75,
          "Full Farm CSA": 71.11,
          "Camas Country Mill": 60.12,
          "Kiko Denzer": 46.2,
          "Reality Kitchen Nonprofit": 118.25,
          "Sweet Creek": 138.71,
          "Queen of Hearts Superfood": 62.12,
          "RL Plants": 30.59,
          "Creole Me Up": 21.83
        },
        "category": {
          "Pantry - Coffee": 160.93,
          "Raw Dairy": 1935.29,
          "Organic Eggs": 952.49,
          "Sausages & Cured Meats": 1711.8,
          "Grass-fed Beef": 2008.5,
          "Organic Fruit": 219.46,
          "Pantry - Breads & Baked Goods": 401.46,
          "Pantry - Honey & Nuts": 145.74,
          "Pantry - Dressings/Oils/Vinegars": 132.61,
          "Organic Vegetables - Potatoes": 341.36,
          "Organic Vegetables - Roots": 578.86,
          "Organic Vegetables - Mushrooms": 389.05,
          "Pasture-raised Poultry": 807.1,
          "Dairy": 53.2,
          "Organic Vegetables - Squash": 201.12,
          "Pasture-raised Pork": 989.6,
          "Pantry - Beans/Grains/Pasta": 60.12,
          "Organic Vegetables - Herbs": 141.13,
          "Organic Vegetables - Leafy Greens": 365.98,
          "Spring Lamb": 354.2,
          "Home Goods": 76.79,
          "Organ Meat & Lard": 116.76,
          "Pasture Raised Poultry": 169.4,
          "Pantry - Canned/Jarred/Preserved": 184.48,
          "Organs/Lard/Bones": 93.24,
          "Pasture Raised Pork": 162.15,
          "Uncategorized": 11.97
        },
        "product": {
          "Raw Fresh Whole Milk": 1056,
          "Roasting Chicken": 665.28,
          "Organic Pasture Raised Chicken Eggs": 647.57,
          "Ground Beef - Organic": 439.98,
          "New York Steak": 401.68,
          "Pork Shoulder Roast": 354.11,
          "Pork Chops Bone-In": 326.43,
          "HAPPY HEN SALE - Organic Pasture Raised Chicken Eggs": 304.92,
          "Pork Bacon": 248,
          "A2/A2 Milk": 247,
          "Live Culture Yogurt": 236.74,
          "Honey Maple Ham, Sliced": 235.62,
          "Ground Pork": 231.42,
          "Crimini Mushrooms": 205.15,
          "Sage and Sea Salt Pork Breakfast Sausage": 199.92,
          "Orange Carrots": 199.8,
          "Beef Chuck Roast": 195.3,
          "Shiitake Mushrooms": 183.9,
          "Fresh Pork Loukaniko Sausage - made weekly in our farm kitchen!": 166.32,
          "Chicken Hindquarter": 164.64
        },
        "dropsite": {
          "Farm - Friday": 320.49,
          "St Johns Farmers Market": 262.76,
          "Cully": 700,
          "Woodstock": 1064.32,
          "PSU Farmers Market": 717.73,
          "Corvallis": 141,
          "Friendly": 1247.13,
          "Home Delivery - Eugene/Springfield/Junction City": 3965.06,
          "Home Delivery - Corvallis": 352.73,
          "Irvington": 455.04,
          "Hollywood Farmers Market": 776,
          "W 11th": 846.66,
          "Farm - Tuesday": 1737.5,
          "Zafar Residence": 96,
          "Sherwood": 82.37
        }
      }
    },
    {
      "dateRange": "2024-01-01 to 2024-01-07",
      "data": {
        "totalSales": "14432.32",
        "numOrders": 143,
        "numSubscriberOrders": 143,
        "numGuestOrders": 0,
        "averageItemsPerOrder": 9,
        "averageOrderAmount": "102.46",
        "totalActiveSubscribers": 206,
        "projectedMonthlySubscriptionRevenue": 48602,
        "vendors": {
          "Radiant Coffee Roasters": 351.12,
          "Camas Country Mill": 172.78,
          "Sweet Creek": 273.37,
          "OGC": 819.23,
          "Grazier's Garden": 2172.4,
          "Deck Family Farm": 6996.77,
          "": 420,
          "Creamy Cow, LLC": 2104.37,
          "Elegant Elephant Baking Co.": 223.54,
          "Small is Beautiful Farm": 99.75,
          "Barrett Baking": 138.32,
          "Full Farm CSA": 174.33,
          "Massimo's Fruit": 53.2,
          "RL Plants": 11.97,
          "Queen of Hearts Superfood": 70.24,
          "Spoiled Rotten Vinegar": 94.43,
          "Kiko Denzer": 142.94,
          "Reality Kitchen Nonprofit": 80.5,
          "Creole Me Up": 33.06
        },
        "category": {
          "Pantry - Coffee": 351.12,
          "Pantry - Beans/Grains/Pasta": 172.78,
          "Pantry - Canned/Jarred/Preserved": 318.4,
          "Organic Vegetables - Mushrooms": 379.89,
          "Organic Vegetables - Leafy Greens": 499.12,
          "Organic Vegetables - Roots": 739.78,
          "Pasture-raised Poultry": 947.08,
          "Uncategorized": 420,
          "Organic Fruit": 319,
          "Organic Vegetables - Potatoes": 470.17,
          "Organic Vegetables - Onions/Garlic": 337.38,
          "Organic Eggs": 1081.08,
          "Raw Dairy": 2083.09,
          "Organs/Lard/Bones": 57.96,
          "Sausages & Cured Meats": 2069.84,
          "Organic Vegetables - Herbs": 253.94,
          "Organic Vegetables - Squash": 307.66,
          "Grass-fed Beef": 1658.41,
          "Pantry - Breads & Baked Goods": 442.36,
          "Pantry - Honey & Nuts": 286.86,
          "Pasture-raised Pork": 594.57,
          "Home Goods": 154.91,
          "Spring Lamb": 184.29,
          "Pantry - Dressings/Oils/Vinegars": 164.67,
          "Organ Meat & Lard": 116.68,
          "Dairy": 21.28
        },
        "product": {
          "Raw Fresh Whole Milk": 1108,
          "Organic Pasture Raised Chicken Eggs": 1081.08,
          "Orange Carrots": 442.89,
          "Lamb Side": 420,
          "Roasting Chicken": 409.9,
          "Ground Beef - Organic": 378.76,
          "Sage and Sea Salt Pork Breakfast Sausage": 270.48,
          "Pork Bacon": 248,
          "Bone-In Chicken Breast": 241.92,
          "Spanish Onion": 239.52,
          "Honey Maple Ham, Sliced": 235.62,
          "Crimini Mushrooms": 220.5,
          "Live Culture Yogurt": 204.82,
          "Raw Honey": 201.6,
          "Beef Stew Meat": 200.53,
          "Ground Pork": 194.88,
          "Fresh Garlic Sausage Links": 194.04,
          "Pork Chops": 187.2,
          "Sweet Italian Sausage Links": 180.18,
          "A2/A2 Milk": 171
        },
        "dropsite": {
          "Hollywood Farmers Market": 2064.54,
          "Cully": 1255.5,
          "PSU Farmers Market": 1508.75,
          "Woodstock": 1202.78,
          "Irvington": 497.05,
          "Farm - Friday": 773.91,
          "Corvallis": 371.41,
          "St Johns Farmers Market": 647.6,
          "Home Delivery - Eugene/Springfield/Junction City": 3641.18,
          "Farm - Tuesday": 613.15,
          "W 11th": 671.62,
          "Zafar Residence": 96,
          "Friendly": 681.4,
          "Home Delivery - Corvallis": 219.41,
          "Sherwood": 188.02
        }
      }
    },
    {
      "dateRange": "2023-12-25 to 2023-12-31",
      "data": {
        "totalSales": "119.60",
        "numOrders": 1,
        "numSubscriberOrders": 1,
        "numGuestOrders": 0,
        "averageItemsPerOrder": 1,
        "averageOrderAmount": "119.60",
        "totalActiveSubscribers": 206,
        "projectedMonthlySubscriptionRevenue": 48602,
        "vendors": {
          "Grazier's Garden": 119.6
        },
        "category": {
          "Organic Vegetables - Potatoes": 119.6
        },
        "product": {
          "Yukon Potatoes": 119.6
        },
        "dropsite": {
          "Farm - Friday": 119.6
        }
      }
    },
    {
      "dateRange": "2023-12-18 to 2023-12-24",
      "data": {
        "totalSales": "14837.23",
        "numOrders": 139,
        "numSubscriberOrders": 138,
        "numGuestOrders": 1,
        "averageItemsPerOrder": 9,
        "averageOrderAmount": "108.18",
        "totalActiveSubscribers": 206,
        "projectedMonthlySubscriptionRevenue": 48602,
        "vendors": {
          "Deck Family Farm": 7380.74,
          "Creamy Cow, LLC": 2861.22,
          "Full Farm CSA": 222.19,
          "Grazier's Garden": 1910.8,
          "Reality Kitchen Nonprofit": 66,
          "OGC": 787.24,
          "Small is Beautiful Farm": 105,
          "Radiant Coffee Roasters": 160.93,
          "Elegant Elephant Baking Co.": 255.95,
          "Sweet Creek": 239.84,
          "Camas Country Mill": 133.42,
          "Massimo's Fruit": 81.13,
          "Creole Me Up": 109.16,
          "Barrett Baking": 138.32,
          "Queen of Hearts Superfood": 79.02,
          "RL Plants": 42.56,
          "Lonesome Whistle": 8.86,
          "Spoiled Rotten Vinegar": 101.08,
          "Kiko Denzer": 120.52,
          "The Fungi Pharm": 33.25
        },
        "category": {
          "Organ Meat & Lard": 206.46,
          "Pantry - Honey & Nuts": 705.18,
          "Sausages & Cured Meats": 1825.7,
          "Grass-fed Beef": 1706.85,
          "Raw Dairy": 2839.94,
          "Organic Eggs": 1210.44,
          "Home Goods": 209.63,
          "Organic Vegetables - Potatoes": 507.7,
          "Organic Vegetables - Herbs": 126.23,
          "Pantry - Breads & Baked Goods": 460.27,
          "Organic Vegetables - Roots": 662.2,
          "Pasture-raised Poultry": 895.92,
          "Pasture-raised Pork": 573.83,
          "Organic Vegetables - Squash": 317.94,
          "Organic Vegetables - Mushrooms": 406.33,
          "Organic Vegetables - Leafy Greens": 437.68,
          "Organic Fruit": 370.18,
          "Organic Vegetables - Onions/Garlic": 191.64,
          "Pantry - Coffee": 160.93,
          "Pantry - Canned/Jarred/Preserved": 384.91,
          "Spring Lamb": 184.12,
          "Pantry - Beans/Grains/Pasta": 142.28,
          "Pantry - Dressings/Oils/Vinegars": 180.1,
          "Organs/Lard/Bones": 42.84,
          "Dairy": 21.28,
          "Pasture Raised Poultry": 29.4,
          "Pantry - Snacks": 33.25,
          "Organic Vegetables - Root Veggies": 4
        },
        "product": {
          "Raw Fresh Whole Milk": 1572,
          "Organic Pasture Raised Chicken Eggs": 1210.44,
          "Raw Honey": 523.32,
          "Pork Bacon": 458.8,
          "Roasting Chicken": 400.32,
          "Ground Beef - Organic": 356.48,
          "Orange Carrots": 351.73,
          "A2/A2 Milk": 342,
          "Beef Chuck Roast": 312.48,
          "Pork Chops": 270.4,
          "Live Culture Yogurt": 252.22,
          "SALE Rosette D' Oregon Salami": 224,
          "Shiitake Mushrooms": 222.18,
          "Raw Fresh Sweet Cream": 211.5,
          "Chicken Hindquarter": 188.16,
          "Crimini Mushrooms": 184.15,
          "Yukon Potatoes": 184.06,
          "Cracked Walnuts": 181.86,
          "Honey Maple Ham, Sliced": 180.18,
          "Sage and Sea Salt Pork Breakfast Sausage": 164.64
        },
        "dropsite": {
          "Farm - Friday": 615.94,
          "Cully": 360.6,
          "PSU Farmers Market": 1646.97,
          "Hollywood Farmers Market": 1181.48,
          "Irvington": 826.92,
          "W 11th": 942.13,
          "Corvallis": 188.66,
          "St Johns Farmers Market": 442.06,
          "Home Delivery - Corvallis": 507.77,
          "Farm - Tuesday": 1286.09,
          "Friendly": 1696.65,
          "Home Delivery - Eugene/Springfield/Junction City": 4554.27,
          "Zafar Residence": 144,
          "Woodstock": 443.69
        }
      }
    },
    {
      "dateRange": "2023-12-11 to 2023-12-17",
      "data": {
        "totalSales": "12467.72",
        "numOrders": 140,
        "numSubscriberOrders": 134,
        "numGuestOrders": 6,
        "averageItemsPerOrder": 9,
        "averageOrderAmount": "90.77",
        "totalActiveSubscribers": 206,
        "projectedMonthlySubscriptionRevenue": 48602,
        "vendors": {
          "Deck Family Farm": 5499.89,
          "Grazier's Garden": 2133.46,
          "OGC": 654.53,
          "Spoiled Rotten Vinegar": 99.22,
          "Massimo's Fruit": 86.75,
          "Elegant Elephant Baking Co.": 241.51,
          "Reality Kitchen Nonprofit": 101.75,
          "The Fungi Pharm": 69,
          "Creole Me Up": 112.28,
          "Barrett Baking": 85.12,
          "Full Farm CSA": 89.83,
          "Little Wings": 113.62,
          "Creamy Cow, LLC": 2430.9,
          "Small is Beautiful Farm": 127.75,
          "Camas Country Mill": 93.23,
          "RL Plants": 37.24,
          "Kiko Denzer": 116.74,
          "Camas Swale Farm": 133.87,
          "Red Tail Growers": 16.62,
          "BNF Kombucha and Jun": 26.84,
          "Radiant Coffee Roasters": 87.78,
          "Queen of Hearts Superfood": 105.36,
          "Lonesome Whistle": 4.43
        },
        "category": {
          "Organic Eggs": 806.96,
          "Organs/Lard/Bones": 66.64,
          "Spring Lamb": 602.77,
          "Pasture-raised Pork": 433.69,
          "Organic Vegetables - Onions/Garlic": 288.25,
          "Organic Vegetables - Squash": 212.04,
          "Pasture-raised Poultry": 749.1,
          "Organic Vegetables - Potatoes": 335.72,
          "Organic Vegetables - Roots": 653.78,
          "Organic Vegetables - Leafy Greens": 632.69,
          "Pantry - Dressings/Oils/Vinegars": 204.58,
          "Organic Fruit": 543.22,
          "Pantry - Breads & Baked Goods": 428.38,
          "Sausages & Cured Meats": 1502.46,
          "Pantry - Kombucha & Jun": 62.59,
          "Pantry - Canned/Jarred/Preserved": 136.22,
          "Organic Vegetables - Mushrooms": 316.85,
          "Organic Vegetables - Herbs": 250.22,
          "Grass-fed Beef": 913.65,
          "Raw Dairy": 2404.3,
          "Pantry - Honey & Nuts": 247.8,
          "Pantry - Beans/Grains/Pasta": 97.66,
          "Home Goods": 153.98,
          "Organ Meat & Lard": 114.66,
          "Organic Vegetables - Broccoli/Cauliflower/Cabbage": 87.78,
          "Dairy": 26.6,
          "Organic Vegetables  - Broccoli/Cauliflower/Cabbage": 4.29,
          "Pantry - Coffee": 87.78,
          "Organic Vegetables - Tomatoes": 7.65,
          "Pasture Raised Poultry": 62.16,
          "Pantry - Snacks": 33.25
        },
        "product": {
          "Raw Fresh Whole Milk": 1148,
          "Organic Pasture Raised Chicken Eggs": 806.96,
          "SALE Rosette D' Oregon Salami": 368,
          "Orange Carrots": 323.79,
          "Lamb Shoulder Roast": 302.4,
          "Roasting Chicken": 282.06,
          "Raw Honey": 247.8,
          "Sage and Sea Salt Pork Breakfast Sausage": 236.18,
          "A2/A2 Milk": 228,
          "Live Culture Yogurt": 226.1,
          "Ground Beef - Organic": 215.34,
          "Raw Cultured Butter": 208,
          "Frozen Strawberries": 194,
          "Chicken Hindquarter": 188.16,
          "Raw Fresh Sweet Cream": 188,
          "Shiitake Mushrooms": 169.05,
          "Pork Shoulder Roast": 166.32,
          "Crimini Mushrooms": 147.8,
          "Raw Farmer's Cheese": 141,
          "Raw Sweet Cream Butter": 140
        },
        "dropsite": {
          "Lane County Farmers Market": 187.28,
          "Hollywood Farmers Market": 1664.64,
          "PSU Farmers Market": 988.83,
          "Irvington": 117.14,
          "Cully": 1277.66,
          "Woodstock": 734.43,
          "Farm - Friday": 463.14,
          "St Johns Farmers Market": 421.6,
          "Home Delivery - Eugene/Springfield/Junction City": 3330.03,
          "Home Delivery - Corvallis": 48.65,
          "Corvallis": 319.49,
          "Friendly": 849.88,
          "Farm - Tuesday": 928.14,
          "W 11th": 950.18,
          "Zafar Residence": 84,
          "Sherwood": 102.63
        }
      }
    },
    {
      "dateRange": "2023-12-04 to 2023-12-10",
      "data": {
        "totalSales": "13641.82",
        "numOrders": 147,
        "numSubscriberOrders": 142,
        "numGuestOrders": 5,
        "averageItemsPerOrder": 9,
        "averageOrderAmount": "94.50",
        "totalActiveSubscribers": 206,
        "projectedMonthlySubscriptionRevenue": 48602,
        "vendors": {
          "Radiant Coffee Roasters": 190.19,
          "Deck Family Farm": 6300.62,
          "Grazier's Garden": 2004.02,
          "Camas Swale Farm": 380.56,
          "Creamy Cow, LLC": 2104.85,
          "OGC": 944.38,
          "Reality Kitchen Nonprofit": 149.75,
          "Red Tail Growers": 130.7,
          "Spoiled Rotten Vinegar": 78.47,
          "Small is Beautiful Farm": 115.25,
          "Queen of Hearts Superfood": 52.68,
          "Elegant Elephant Baking Co.": 267.11,
          "Camas Country Mill": 129.93,
          "Lonesome Whistle": 15.47,
          "Massimo's Fruit": 55.86,
          "Barrett Baking": 63.84,
          "Little Wings": 87.39,
          "MINYO KINOKO Foraged Goods": 90.08,
          "Kiko Denzer": 198.2,
          "BNF Kombucha and Jun": 123.59,
          "My Brothers Farm": 67.5,
          "Full Farm CSA": 23.94,
          "Creole Me Up": 34.19,
          "The Fungi Pharm": 33.25
        },
        "category": {
          "Pantry - Coffee": 190.19,
          "Pasture-raised Poultry": 713.04,
          "Organic Vegetables - Squash": 300.57,
          "Organic Vegetables - Leafy Greens": 543.94,
          "Organic Vegetables - Roots": 682.44,
          "Organic Vegetables - Herbs": 257.71,
          "Organic Eggs": 1044.89,
          "Raw Dairy": 2078.25,
          "Pasture-raised Pork": 419.52,
          "Organic Vegetables - Mushrooms": 423.04,
          "Organic Vegetables - Onions/Garlic": 418.43,
          "Sausages & Cured Meats": 1752.65,
          "Spring Lamb": 316.05,
          "Pantry - Breads & Baked Goods": 480.7,
          "Pantry - Dressings/Oils/Vinegars": 131.15,
          "Organic Vegetables - Potatoes": 399.15,
          "Organic Fruit": 680.43,
          "Organic Vegetables - Broccoli/Cauliflower/Cabbage": 57.86,
          "Dairy": 26.6,
          "Grass-fed Beef": 1686.87,
          "Pantry - Beans/Grains/Pasta": 145.4,
          "Organs/Lard/Bones": 119.24,
          "Organic Vegetables - Other": 31.92,
          "Pantry - Honey & Nuts": 266.72,
          "Home Goods": 198.2,
          "Pantry - Kombucha & Jun": 123.59,
          "Organ Meat & Lard": 49.14,
          "Organic Vegetables - Tomatoes": 12.75,
          "Pantry - Canned/Jarred/Preserved": 91.38
        },
        "product": {
          "Raw Fresh Whole Milk": 1100,
          "Organic Pasture Raised Chicken Eggs": 1044.89,
          "SALE Rosette D' Oregon Salami": 504,
          "Ground Beef - Organic": 384.28,
          "A2/A2 Milk": 342,
          "Orange Carrots": 335.46,
          "Western Beef Short Ribs": 221.76,
          "Cranberries": 214.13,
          "Roasting Chicken": 213.68,
          "Raw Honey": 199.22,
          "Chicken Hindquarter": 188.16,
          "Sage and Sea Salt Pork Breakfast Sausage": 177.38,
          "Live Culture Yogurt": 172.9,
          "Beef Tenderloin": 171.36,
          "Shiitake Mushrooms": 169.41,
          "Fresh Pork Loukaniko Sausage - made weekly in our farm kitchen!": 166.32,
          "Beef Stew Meat": 164.07,
          "Crimini Mushrooms": 163.55,
          "Honeynut squash": 159.6,
          "Peppered Knife Cut Beef Jerky": 152.25
        },
        "dropsite": {
          "Hollywood Farmers Market": 1286.73,
          "Lane County Farmers Market": 294.7,
          "Farm - Friday": 916.96,
          "PSU Farmers Market": 968.08,
          "Woodstock": 953.41,
          "St Johns Farmers Market": 191.99,
          "Irvington": 686.41,
          "Farm - Tuesday": 817.76,
          "Corvallis": 205.69,
          "Home Delivery - Corvallis": 195.68,
          "Cully": 535.29,
          "Home Delivery - Eugene/Springfield/Junction City": 4334.89,
          "Friendly": 921.16,
          "W 11th": 1139.25,
          "Sherwood": 121.82,
          "Zafar Residence": 72
        }
      }
    },
    {
      "dateRange": "2023-11-27 to 2023-12-03",
      "data": {
        "totalSales": "11118.98",
        "numOrders": 137,
        "numSubscriberOrders": 133,
        "numGuestOrders": 4,
        "averageItemsPerOrder": 8,
        "averageOrderAmount": "82.62",
        "totalActiveSubscribers": 206,
        "projectedMonthlySubscriptionRevenue": 48602,
        "vendors": {
          "Deck Family Farm": 4686.51,
          "Grazier's Garden": 1947.65,
          "Creamy Cow, LLC": 2417.39,
          "OGC": 357.75,
          "Camas Swale Farm": 169.41,
          "Small is Beautiful Farm": 85.25,
          "Massimo's Fruit": 70.04,
          "Red Tail Growers": 255.26,
          "Camas Country Mill": 163.44,
          "Sweet Creek": 25.25,
          "Barrett Baking": 182.64,
          "Elegant Elephant Baking Co.": 166.09,
          "Full Farm CSA": 34.75,
          "MINYO KINOKO Foraged Goods": 128.77,
          "Radiant Coffee Roasters": 132.04,
          "BNF Kombucha and Jun": 22.1,
          "Reality Kitchen Nonprofit": 59.25,
          "Creole Me Up": 58.96,
          "The Extra Loaf": 29.26,
          "Queen of Hearts Superfood": 79.02,
          "My Brothers Farm": 25.65,
          "Lonesome Whistle": 11.5,
          "RL Plants": 11
        },
        "category": {
          "Sausages & Cured Meats": 1142.96,
          "Organic Vegetables - Onions/Garlic": 357.38,
          "Organic Vegetables - Roots": 495.52,
          "Raw Dairy": 2303.97,
          "Organic Vegetables - Potatoes": 314.67,
          "Organic Vegetables - Mushrooms": 443.02,
          "Pasture-raised Poultry": 673.74,
          "Pasture-raised Pork": 296.08,
          "Grass-fed Beef": 1277.53,
          "Organic Vegetables - Leafy Greens": 433.06,
          "Organic Vegetables - Squash": 170.19,
          "Organic Vegetables - Broccoli/Cauliflower/Cabbage": 235.46,
          "Organic Fruit": 355.29,
          "Organic Eggs": 843.92,
          "Organic Vegetables  - Broccoli/Cauliflower/Cabbage": 9.79,
          "Pasture Raised Pork": 26.4,
          "Spring Lamb": 109.2,
          "Pantry - Beans/Grains/Pasta": 174.94,
          "Pantry - Canned/Jarred/Preserved": 118.96,
          "Pantry - Breads & Baked Goods": 437.24,
          "Pantry - Honey & Nuts": 194.07,
          "Organs/Lard/Bones": 13.44,
          "Dairy": 113.42,
          "Organic Vegetables - Herbs": 188.1,
          "Pantry - Coffee": 132.04,
          "Pantry - Kombucha & Jun": 22.1,
          "Pasture Raised Poultry": 98.28,
          "Pantry - Dressings/Oils/Vinegars": 79.02,
          "Organic Vegetables - Tomatoes": 11.65,
          "Organ Meat & Lard": 36.54,
          "Home Goods": 11
        },
        "product": {
          "Raw Fresh Whole Milk": 1092,
          "Organic Pasture Raised Chicken Eggs": 843.92,
          "Heidi of the Hills Cheese": 333.04,
          "Orange Carrots": 307.92,
          "Live Culture Yogurt": 261.3,
          "A2/A2 Milk": 228,
          "Pork Bacon": 210.8,
          "Frozen Strawberries": 200,
          "Sage and Sea Salt Pork Breakfast Sausage": 199.92,
          "Bone-In Chicken Breast": 189,
          "Organic Artisan Sourdough Loaf": 182.64,
          "Crimini Mushrooms": 178.65,
          "Ground Beef - Organic": 178.24,
          "Raw Honey": 168.42,
          "SALE - Red Ranger Roaster": 164.64,
          "Raw Fresh Sweet Cream": 164.5,
          "SALE - Roasting Chicken": 142.3,
          "Shiitake Mushrooms": 135.6,
          "Beef Brisket": 132.49,
          "Ground Beef - All Natural": 131.14
        },
        "dropsite": {
          "Farm - Friday": 524.16,
          "PSU Farmers Market": 729.26,
          "Hollywood Farmers Market": 1570.5,
          "Irvington": 172.95,
          "Woodstock": 411.01,
          "Cully": 736.67,
          "Lane County Farmers Market": 308.8,
          "Home Delivery - Corvallis": 465.87,
          "Farm - Tuesday": 901.16,
          "Home Delivery - Eugene/Springfield/Junction City": 3075.37,
          "W 11th": 1008.28,
          "Friendly": 791.02,
          "Sherwood": 234.41,
          "Corvallis": 55.33,
          "St Johns Farmers Market": 38.19,
          "Zafar Residence": 96
        }
      }
    },
    {
      "dateRange": "2023-11-20 to 2023-11-26",
      "data": {
        "totalSales": "10603.46",
        "numOrders": 119,
        "numSubscriberOrders": 114,
        "numGuestOrders": 5,
        "averageItemsPerOrder": 8,
        "averageOrderAmount": "91.04",
        "totalActiveSubscribers": 206,
        "projectedMonthlySubscriptionRevenue": 48602,
        "vendors": {
          "Creamy Cow, LLC": 2018.05,
          "Red Tail Growers": 417.47,
          "Camas Country Mill": 154.79,
          "Deck Family Farm": 4696.41,
          "Grazier's Garden": 1768.77,
          "OGC": 337.75,
          "Elegant Elephant Baking Co.": 279.29,
          "My Brothers Farm": 92.25,
          "Massimo's Fruit": 57,
          "Small is Beautiful Farm": 55.25,
          "": 87.36,
          "Creole Me Up": 26,
          "Radiant Coffee Roasters": 77.75,
          "Lonesome Whistle": 5.5,
          "Camas Swale Farm": 186,
          "Barrett Baking": 81.92,
          "Little Wings": 83.5,
          "Reality Kitchen Nonprofit": 65.75,
          "Sweet Creek": 10,
          "Queen of Hearts Superfood": 9.9,
          "The Extra Loaf": 74,
          "Spoiled Rotten Vinegar": 18.75
        },
        "category": {
          "Raw Dairy": 1994.05,
          "Organic Vegetables - Onions/Garlic": 411.66,
          "Pantry - Beans/Grains/Pasta": 154.79,
          "Sausages & Cured Meats": 1083.57,
          "Pasture-raised Poultry": 854.97,
          "Organic Vegetables - Squash": 194,
          "Organic Vegetables - Mushrooms": 316,
          "Organic Vegetables - Broccoli/Cauliflower/Cabbage": 156,
          "Organic Vegetables - Tomatoes": 30,
          "Organic Vegetables - Leafy Greens": 593.06,
          "Organic Vegetables - Roots": 539.2,
          "Pantry - Breads & Baked Goods": 500.96,
          "Pasture-raised Pork": 599.12,
          "Organs/Lard/Bones": 45.57,
          "Organic Eggs": 435.82,
          "Pantry - Honey & Nuts": 264.45,
          "Organic Fruit": 242.25,
          "Grass-fed Beef": 1047.52,
          "Organic Vegetables - Potatoes": 230.82,
          "Organic Vegetables - Herbs": 173.25,
          "Uncategorized": 87.36,
          "Spring Lamb": 336.84,
          "Pantry - Canned/Jarred/Preserved": 36,
          "Pantry - Coffee": 77.75,
          "Pantry - Snacks": 5.5,
          "Pasture Raised Pork": 26.4,
          "Pasture Raised Poultry": 94.4,
          "Organic Vegetables - Other": 13,
          "Pantry - Dressings/Oils/Vinegars": 28.65,
          "Organic Vegetables  - Broccoli/Cauliflower/Cabbage": 6.5,
          "Dairy": 24
        },
        "product": {
          "Raw Fresh Whole Milk": 1068,
          "Organic Pasture Raised Chicken Eggs": 435.82,
          "A2/A2 Milk": 342,
          "SALE - Roasting Chicken": 339.6,
          "Pork Bacon": 327.55,
          "Orange Carrots": 266,
          "Pork Shoulder Roast": 249.48,
          "SALE - Red Ranger Roaster": 233.01,
          "Raw Fresh Sweet Cream": 188,
          "Ground Lamb": 185.64,
          "Shiitake Mushrooms": 175,
          "Ground Pork": 172.56,
          "Raw Honey": 172.2,
          "Yukon Potatoes": 164.5,
          "Baby Mustard Salad Mix": 160.06,
          "Lamb Shoulder Roast": 151.2,
          "Live Culture Yogurt": 147,
          "Crimini Mushrooms": 141,
          "Beef Patties": 133.68,
          "Frozen Strawberries": 130
        },
        "dropsite": {
          "Zafar Residence": 96,
          "Cully": 493.78,
          "St Johns Farmers Market": 402.39,
          "Lane County Farmers Market": 296,
          "Hollywood Farmers Market": 1272.45,
          "Irvington": 288.73,
          "Farm - Tuesday": 1014.04,
          "Woodstock": 103.98,
          "PSU Farmers Market": 691.18,
          "Friendly": 915.69,
          "Home Delivery - Eugene/Springfield/Junction City": 3626.81,
          "W 11th": 884.64,
          "Farm - Friday": 92.96,
          "Corvallis": 122.03,
          "Home Delivery - Corvallis": 138.67,
          "Sherwood": 164.11
        }
      }
    },
    {
      "dateRange": "2023-11-13 to 2023-11-19",
      "data": {
        "totalSales": "17067.17",
        "numOrders": 185,
        "numSubscriberOrders": 155,
        "numGuestOrders": 30,
        "averageItemsPerOrder": 8,
        "averageOrderAmount": "93.77",
        "totalActiveSubscribers": 206,
        "projectedMonthlySubscriptionRevenue": 48602,
        "vendors": {
          "Radiant Coffee Roasters": 222.75,
          "Elegant Elephant Baking Co.": 307.67,
          "Little Wings": 263,
          "OGC": 472,
          "Grazier's Garden": 2386.75,
          "": 200,
          "Deck Family Farm": 8613.64,
          "Full Farm CSA": 34.75,
          "Red Tail Growers": 434.56,
          "Small is Beautiful Farm": 143,
          "Camas Swale Farm": 720.25,
          "Camas Country Mill": 188.75,
          "Massimo's Fruit": 121.5,
          "Creamy Cow, LLC": 2155.7,
          "My Brothers Farm": 120.15,
          "Reality Kitchen Nonprofit": 122,
          "Lonesome Whistle": 143,
          "The Extra Loaf": 213.5,
          "Kiko Denzer": 27,
          "Creole Me Up": 9,
          "RL Plants": 34.5,
          "Queen of Hearts Superfood": 40.59,
          "Sweet Creek": 17.5,
          "BNF Kombucha and Jun": 41.86,
          "Spoiled Rotten Vinegar": 33.75
        },
        "category": {
          "Pantry - Coffee": 222.75,
          "Pantry - Breads & Baked Goods": 643.17,
          "Organic Vegetables - Leafy Greens": 704,
          "Organic Vegetables - Roots": 776,
          "Uncategorized": 212.5,
          "Thanksgiving Turkeys": 1366.71,
          "Pantry - Canned/Jarred/Preserved": 61.25,
          "Organic Vegetables - Mushrooms": 427,
          "Organic Vegetables - Herbs": 285.25,
          "Sausages & Cured Meats": 1224.67,
          "Grass-fed Beef": 1725.83,
          "Pasture-raised Pork": 564.94,
          "Organic Fruit": 354.5,
          "Organic Vegetables - Onions/Garlic": 916.56,
          "Organic Vegetables - Squash": 310.5,
          "Pasture-raised Poultry": 1170.85,
          "Organs/Lard/Bones": 79.73,
          "Pasture Raised Poultry": 208.04,
          "Spring Lamb": 274.54,
          "Pasture Raised Pork": 225.26,
          "Organic Vegetables - Potatoes": 348,
          "Pantry - Beans/Grains/Pasta": 245.75,
          "Organic Eggs": 1349.81,
          "Raw Dairy": 2100.2,
          "Organic Vegetables - Broccoli/Cauliflower/Cabbage": 219,
          "Organic Vegetables - Other": 86.75,
          "Pantry - Honey & Nuts": 423.29,
          "Dairy": 55.5,
          "Pantry - Snacks": 86,
          "Home Goods": 49.5,
          "Organic Vegetables - Tomatoes": 98,
          "Flowers": 12,
          "Pantry - Dressings/Oils/Vinegars": 74.34,
          "Organic Vegetables  - Broccoli/Cauliflower/Cabbage": 3,
          "Organ Meat & Lard": 120.12,
          "Pantry - Kombucha & Jun": 41.86
        },
        "product": {
          "Pre-order, Heritage Thanksgiving Turkeys": 1366.71,
          "HAPPY HEN SALE - Organic Pasture Raised Chicken Eggs": 1191.96,
          "Raw Fresh Whole Milk": 1008,
          "SALE - Stewing Hen": 432,
          "Pork Shoulder Roast": 422.72,
          "Roasting Chicken": 386.18,
          "A2/A2 Milk": 361,
          "Ribeye Steak": 332.67,
          "Ground Beef - All Natural": 309.12,
          "Inchelium Chesnook Garlic (1 lb)": 308.5,
          "Raw Honey": 303.14,
          "Fresh Pork Chaurice Sausage": 295,
          "Orange Carrots": 281,
          "Pork Chops": 280.78,
          "Pork Bacon": 275.89,
          "Beef Brisket": 268.56,
          "Western Beef Short Ribs": 254.1,
          "Crimini Mushrooms": 247,
          "Live Culture Yogurt": 210,
          "Lamb Deposit": 200
        },
        "dropsite": {
          "Home Delivery - Eugene/Springfield/Junction City": 4165.93,
          "Hollywood Farmers Market": 2461.89,
          "Farm - Friday": 926.09,
          "Lane County Farmers Market": 1091.52,
          "Irvington": 715.82,
          "Cully": 761.74,
          "Sherwood": 86.86,
          "PSU Farmers Market": 759.02,
          "St Johns Farmers Market": 678.72,
          "Home Delivery - Corvallis": 369.9,
          "Friendly": 1418.13,
          "Farm - Tuesday": 1015.01,
          "W 11th": 1110.21,
          "Corvallis": 720.38,
          "Woodstock": 677.95,
          "Zafar Residence": 108
        }
      }
    },
    {
      "dateRange": "2023-11-06 to 2023-11-12",
      "data": {
        "totalSales": "13560.25",
        "numOrders": 157,
        "numSubscriberOrders": 157,
        "numGuestOrders": 0,
        "averageItemsPerOrder": 8,
        "averageOrderAmount": "88.15",
        "totalActiveSubscribers": 206,
        "projectedMonthlySubscriptionRevenue": 48602,
        "vendors": {
          "Grazier's Garden": 2074,
          "Queen of Hearts Superfood": 19.8,
          "Deck Family Farm": 6420.84,
          "Creamy Cow, LLC": 2224.6,
          "Little Wings": 594.5,
          "OGC": 358.5,
          "Camas Swale Farm": 410.75,
          "Red Tail Growers": 285.25,
          "Lonesome Whistle": 17.25,
          "Massimo's Fruit": 182.5,
          "Elegant Elephant Baking Co.": 193.81,
          "Small is Beautiful Farm": 65.5,
          "The Extra Loaf": 139.25,
          "Radiant Coffee Roasters": 197.75,
          "Reality Kitchen Nonprofit": 87.25,
          "Sweet Creek": 53,
          "BNF Kombucha and Jun": 150.3,
          "My Brothers Farm": 45.9,
          "Camas Country Mill": 17,
          "Full Farm CSA": 22.5
        },
        "category": {
          "Organic Vegetables - Tomatoes": 251,
          "Pantry - Dressings/Oils/Vinegars": 19.8,
          "Grass-fed Beef": 1746.42,
          "Raw Dairy": 2212.6,
          "Organic Fruit": 468,
          "Organic Vegetables - Herbs": 190.75,
          "Organic Vegetables - Mushrooms": 315,
          "Organic Vegetables - Broccoli/Cauliflower/Cabbage": 194,
          "Organic Vegetables - Leafy Greens": 851.75,
          "Organic Vegetables - Roots": 668.5,
          "Organic Eggs": 1081.08,
          "Spring Lamb": 298.92,
          "Organic Vegetables - Squash": 274,
          "Pantry - Snacks": 10,
          "Organic Vegetables - Potatoes": 256,
          "Sausages & Cured Meats": 1152.22,
          "Pasture-raised Poultry": 729.43,
          "Pasture-raised Pork": 382.7,
          "Pantry - Breads & Baked Goods": 420.31,
          "Organ Meat & Lard": 32.76,
          "Organic Vegetables - Onions/Garlic": 359.25,
          "Thanksgiving Turkeys": 607.97,
          "Organic Vegetables - Other": 76.75,
          "Pantry - Beans/Grains/Pasta": 24.25,
          "Pantry - Honey & Nuts": 288.24,
          "Organs/Lard/Bones": 147,
          "Pantry - Coffee": 197.75,
          "Pantry - Canned/Jarred/Preserved": 75.5,
          "Pantry - Kombucha & Jun": 150.3,
          "Organic Vegetables - Peppers": 62,
          "Dairy": 12,
          "Organic Vegetables - Root Veggies": 4
        },
        "product": {
          "Raw Fresh Whole Milk": 1192,
          "HAPPY HEN SALE - Organic Pasture Raised Chicken Eggs": 1034.88,
          "Pre-order, Heritage Thanksgiving Turkeys": 607.97,
          "Ground Beef - All Natural": 511.56,
          "A2/A2 Milk": 323,
          "Pork Bacon": 297.6,
          "Orange Carrots": 280,
          "Top Sirloin Steak": 253.98,
          "Roasting Chicken": 247.28,
          "Raw Honey": 242.34,
          "Ground Lamb": 228.48,
          "Frozen Strawberries": 220,
          "Korean Beef Short Ribs": 211.68,
          "Pork Shoulder Roast": 207.9,
          "Yukon Potatoes": 206.5,
          "Red Ranger Roaster": 188.16,
          "Live Culture Yogurt": 178.5,
          "Ribeye Steak": 174.65,
          "Fresh Pork Chaurice Sausage": 170,
          "Pork Chops": 166.4
        },
        "dropsite": {
          "Sherwood": 314.42,
          "Farm - Friday": 709.89,
          "Hollywood Farmers Market": 1609.17,
          "PSU Farmers Market": 850.49,
          "Cully": 546.33,
          "Irvington": 548.86,
          "Woodstock": 931.57,
          "St Johns Farmers Market": 397.99,
          "Farm - Tuesday": 900.51,
          "Lane County Farmers Market": 346.53,
          "Home Delivery - Corvallis": 229.68,
          "Friendly": 998.07,
          "Home Delivery - Eugene/Springfield/Junction City": 3733.91,
          "W 11th": 1073.63,
          "Zafar Residence": 171.48,
          "Corvallis": 197.72
        }
      }
    },
    {
      "dateRange": "2023-10-30 to 2023-11-05",
      "data": {
        "totalSales": "8566.83",
        "numOrders": 112,
        "numSubscriberOrders": 112,
        "numGuestOrders": 0,
        "averageItemsPerOrder": 8,
        "averageOrderAmount": "78.19",
        "totalActiveSubscribers": 206,
        "projectedMonthlySubscriptionRevenue": 48602,
        "vendors": {
          "Small is Beautiful Farm": 138.75,
          "Grazier's Garden": 1413.05,
          "Little Wings": 342.25,
          "OGC": 219,
          "Deck Family Farm": 3461.06,
          "Creamy Cow, LLC": 1810.85,
          "BNF Kombucha and Jun": 139.25,
          "Elegant Elephant Baking Co.": 47.9,
          "Camas Swale Farm": 338,
          "Red Tail Growers": 192.37,
          "Reality Kitchen Nonprofit": 47,
          "Lonesome Whistle": 104.25,
          "Camas Country Mill": 12.5,
          "The Extra Loaf": 144.5,
          "Sweet Creek": 23.25,
          "Queen of Hearts Superfood": 19.8,
          "My Brothers Farm": 44.55,
          "Full Farm CSA": 22.5,
          "Radiant Coffee Roasters": 15,
          "The Fungi Pharm": 31
        },
        "category": {
          "Organic Vegetables - Peppers": 159.25,
          "Organic Vegetables - Leafy Greens": 466.5,
          "Organic Vegetables - Roots": 332.8,
          "Organic Vegetables - Broccoli/Cauliflower/Cabbage": 192,
          "Organic Vegetables - Mushrooms": 190,
          "Sausages & Cured Meats": 868.46,
          "Grass-fed Beef": 737.53,
          "Raw Dairy": 1786.85,
          "Organic Eggs": 415.8,
          "Pantry - Kombucha & Jun": 139.25,
          "Pantry - Breads & Baked Goods": 239.4,
          "Organic Fruit": 259.25,
          "Organic Vegetables - Squash": 213,
          "Organic Vegetables - Potatoes": 216.25,
          "Organic Vegetables - Onions/Garlic": 274.12,
          "Organic Vegetables - Herbs": 128,
          "Spring Lamb": 166.32,
          "Organic Vegetables - Other": 65.25,
          "Pasture-raised Poultry": 458.46,
          "Pantry - Snacks": 51.5,
          "Pantry - Beans/Grains/Pasta": 65.25,
          "Thanksgiving Turkeys": 489.39,
          "Pantry - Canned/Jarred/Preserved": 76.75,
          "Pasture-raised Pork": 218.84,
          "Organs/Lard/Bones": 17.64,
          "Dairy": 24,
          "Organic Vegetables - Tomatoes": 147,
          "Pantry - Honey & Nuts": 133.17,
          "Pantry - Dressings/Oils/Vinegars": 19.8,
          "Pantry - Coffee": 15
        },
        "product": {
          "Raw Fresh Whole Milk": 984,
          "Pre-order, Heritage Thanksgiving Turkeys": 489.39,
          "Organic Pasture Raised Chicken Eggs": 415.8,
          "Ground Beef - All Natural": 270.26,
          "Pork Bacon": 235.6,
          "Orange Carrots": 212,
          "A2/A2 Milk": 190,
          "Live Culture Yogurt": 187.5,
          "SALE - Beef Chuck Roast": 170.9,
          "Frozen Strawberries": 170,
          "Raw Fresh Sweet Cream": 141,
          "Fresh Pork Loukaniko Sausage": 128,
          "Roasting Chicken": 123.64,
          "Raw Cultured Butter": 117,
          "Arugula": 110,
          "Pork Chops": 104,
          "Baby Bok Choi": 96,
          "Crimini Mushrooms": 95,
          "Shiitake Mushrooms": 95,
          "Spanish Onion": 95
        },
        "dropsite": {
          "Cully": 309.65,
          "Corvallis": 135.46,
          "Zafar Residence": 84,
          "Hollywood Farmers Market": 1282.87,
          "PSU Farmers Market": 833.22,
          "Farm - Friday": 164.25,
          "Lane County Farmers Market": 249.2,
          "Irvington": 367.7,
          "Woodstock": 648.49,
          "Home Delivery - Corvallis": 152.88,
          "St Johns Farmers Market": 195.31,
          "Friendly": 705.43,
          "Home Delivery - Eugene/Springfield/Junction City": 2450.82,
          "W 11th": 629.5,
          "Farm - Tuesday": 358.05
        }
      }
    },
    {
      "dateRange": "2023-10-23 to 2023-10-29",
      "data": {
        "totalSales": "14754.14",
        "numOrders": 158,
        "numSubscriberOrders": 158,
        "numGuestOrders": 0,
        "averageItemsPerOrder": 9,
        "averageOrderAmount": "95.22",
        "totalActiveSubscribers": 206,
        "projectedMonthlySubscriptionRevenue": 48602,
        "vendors": {
          "Deck Family Farm": 7160.81,
          "Creamy Cow, LLC": 2435.15,
          "Camas Country Mill": 77.25,
          "Full Farm CSA": 11.25,
          "BNF Kombucha and Jun": 41.07,
          "Radiant Coffee Roasters": 251,
          "Red Tail Growers": 693.02,
          "Grazier's Garden": 2103.15,
          "Little Wings": 421.25,
          "Camas Swale Farm": 420.75,
          "OGC": 385.75,
          "Small is Beautiful Farm": 168.5,
          "The Extra Loaf": 172.5,
          "Lonesome Whistle": 52.25,
          "The Fungi Pharm": 31,
          "My Brothers Farm": 56.7,
          "Elegant Elephant Baking Co.": 93.64,
          "Sweet Creek": 65.5,
          "Queen of Hearts Superfood": 39.6,
          "RL Plants": 5.5,
          "Creole Me Up": 8.5,
          "Reality Kitchen Nonprofit": 34,
          "River Ranch Oregon Olive OIl": 26
        },
        "category": {
          "Grass-fed Beef": 1777.73,
          "Spring Lamb": 203.16,
          "Pasture-raised Poultry": 766.54,
          "Raw Dairy": 2423.15,
          "Organ Meat & Lard": 60.9,
          "Organic Eggs": 1136.52,
          "Pantry - Beans/Grains/Pasta": 100.5,
          "Pantry - Canned/Jarred/Preserved": 127.5,
          "Pantry - Kombucha & Jun": 41.07,
          "Pantry - Coffee": 251,
          "Organic Vegetables - Onions/Garlic": 287.27,
          "Sausages & Cured Meats": 1213.1,
          "Organic Vegetables - Roots": 509.4,
          "Organic Vegetables - Leafy Greens": 769.75,
          "Organic Vegetables - Herbs": 201.5,
          "Organic Vegetables - Peppers": 318.5,
          "Organic Vegetables - Other": 374.5,
          "Pasture-raised Pork": 490.18,
          "Thanksgiving Turkeys": 1322.42,
          "Organic Vegetables - Mushrooms": 335,
          "Organic Vegetables - Broccoli/Cauliflower/Cabbage": 229.5,
          "Organic Vegetables - Tomatoes": 208.5,
          "Organic Vegetables - Potatoes": 300.5,
          "Organic Fruit": 207.6,
          "Organic Vegetables - Squash": 369.75,
          "Pantry - Breads & Baked Goods": 300.14,
          "Pantry - Snacks": 29,
          "Pantry - Honey & Nuts": 194.04,
          "Pantry - Dressings/Oils/Vinegars": 65.6,
          "Home Goods": 70.9,
          "Organic Vegetables - Root Veggies": 4,
          "Organs/Lard/Bones": 5.04,
          "Pasture Raised Meats": 47.88,
          "Dairy": 12
        },
        "product": {
          "Pre-order, Heritage Thanksgiving Turkeys": 1322.42,
          "Raw Fresh Whole Milk": 1136,
          "Ground Beef - All Natural": 1119.7,
          "BOGO SALE - Organic Pasture Raised Chicken Eggs": 1016.4,
          "Roasting Chicken": 388.38,
          "A2/A2 Milk": 380,
          "Orange Carrots": 256,
          "Fresh Pork Chaurice Sausage": 255,
          "Pork Shoulder Roast": 249.48,
          "Pork Bacon": 223.2,
          "Raw Sweet Cream Butter": 210,
          "Beef Chuck Roast": 195.3,
          "Crimini Mushrooms": 190,
          "Live Culture Yogurt": 183,
          "Japanese cucumber": 175,
          "Baby Mustard Salad Mix": 157.5,
          "Raw Fresh Sweet Cream": 152.75,
          "Pork Chops": 145.6,
          "Shiitake Mushrooms": 145,
          "Ground Lamb": 142.8
        },
        "dropsite": {
          "Farm - Friday": 880.06,
          "PSU Farmers Market": 1094.61,
          "Zafar Residence": 84,
          "Hollywood Farmers Market": 1828.41,
          "Corvallis": 697.47,
          "Lane County Farmers Market": 494.38,
          "St Johns Farmers Market": 505.66,
          "Woodstock": 756.2,
          "Cully": 843.54,
          "Irvington": 370.73,
          "Home Delivery - Eugene/Springfield/Junction City": 3494.92,
          "W 11th": 1225.81,
          "Friendly": 1433.38,
          "Farm - Tuesday": 938.65,
          "Sherwood": 50.5,
          "Home Delivery - Corvallis": 55.82
        }
      }
    },
    {
      "dateRange": "2023-10-16 to 2023-10-22",
      "data": {
        "totalSales": "14425.89",
        "numOrders": 139,
        "numSubscriberOrders": 139,
        "numGuestOrders": 0,
        "averageItemsPerOrder": 9,
        "averageOrderAmount": "105.15",
        "totalActiveSubscribers": 206,
        "projectedMonthlySubscriptionRevenue": 48602,
        "vendors": {
          "Grazier's Garden": 2061.25,
          "Camas Swale Farm": 472.25,
          "Creamy Cow, LLC": 2120.55,
          "Deck Family Farm": 7027.73,
          "Red Tail Growers": 482.79,
          "RL Plants": 22,
          "OGC": 389.75,
          "Lonesome Whistle": 44.25,
          "Small is Beautiful Farm": 192,
          "Little Wings": 440.5,
          "Radiant Coffee Roasters": 152.75,
          "Camas Country Mill": 127,
          "Reality Kitchen Nonprofit": 98,
          "Sweet Creek": 101.25,
          "Elegant Elephant Baking Co.": 118.03,
          "Queen of Hearts Superfood": 99,
          "BNF Kombucha and Jun": 138.49,
          "The Extra Loaf": 90,
          "Kiko Denzer": 37.75,
          "": 27,
          "Spoiled Rotten Vinegar": 33.75,
          "My Brothers Farm": 37.8,
          "Full Farm CSA": 50,
          "The Fungi Pharm": 62
        },
        "category": {
          "Organic Vegetables - Roots": 56.5,
          "Organic Vegetables - Peppers": 389.75,
          "Raw Dairy": 2048.55,
          "Organic Eggs": 868.56,
          "Organic Vegetables - Leafy Greens": 779.75,
          "Organic Vegetables - Tomatoes": 250.5,
          "Grass-fed Beef": 1174.78,
          "Pasture-raised Poultry": 476.6,
          "Organic Vegetables - Onions/Garlic": 316.04,
          "Sausages & Cured Meats": 901.54,
          "Home Goods": 178.55,
          "Organic Vegetables - Mushrooms": 310,
          "Pantry - Honey & Nuts": 200.76,
          "Pantry - Snacks": 101.75,
          "Organic Fruit": 320.2,
          "Organic Vegetables - Broccoli/Cauliflower/Cabbage": 78,
          "Organic Vegetables - Herbs": 176.75,
          "Organic Vegetables - Squash": 309.5,
          "Organic Vegetables - Other": 253.75,
          "Organic Vegetables - Potatoes": 254.75,
          "Pantry - Coffee": 152.75,
          "Organs/Lard/Bones": 20.58,
          "Thanksgiving Turkeys": 2558.71,
          "Pantry - Beans/Grains/Pasta": 131.5,
          "Pantry - Breads & Baked Goods": 306.03,
          "Spring Lamb": 166.32,
          "Pantry - Canned/Jarred/Preserved": 112.5,
          "Pasture-raised Pork": 697.68,
          "Organic Vegetables - Broccoli/Cauliflower/Cabbages": 86.5,
          "Organic Vegetables - Root Veggies": 341,
          "Uncategorized": 9,
          "Pantry - Dressings/Oils/Vinegars": 132.75,
          "Pantry - Kombucha & Jun": 138.49,
          "Dairy": 72,
          "Events": 50,
          "Organic Vegetables": 3.5
        },
        "product": {
          "Pre-order, Heritage Thanksgiving Turkeys": 2558.71,
          "Raw Fresh Whole Milk": 1100,
          "Organic Pasture Raised Chicken Eggs": 868.56,
          "Pork Shoulder Roast": 374.22,
          "A2/A2 Milk": 361,
          "Orange Carrots": 276,
          "Pork Chops": 249.6,
          "Frozen Strawberries": 220,
          "Roasting Chicken": 219.06,
          "Live Culture Yogurt": 219,
          "Beef Stew Meat": 203.06,
          "Pork Bacon": 173.6,
          "Raw Honey": 162.96,
          "Beef Chuck Roast": 156.24,
          "Shiitake Mushrooms": 155,
          "Crimini Mushrooms": 155,
          "Arugula": 155,
          "Beef Flank Steak": 147.85,
          "Western Beef Short Ribs": 138.6,
          "Baby Mustard Salad Mix": 135
        },
        "dropsite": {
          "Lane County Farmers Market": 195.9,
          "Hollywood Farmers Market": 1642.84,
          "PSU Farmers Market": 963.62,
          "Irvington": 423.78,
          "Cully": 1172.47,
          "Sherwood": 224.74,
          "Corvallis": 745.94,
          "Farm - Friday": 283.2,
          "Woodstock": 354.01,
          "Home Delivery - Eugene/Springfield/Junction City": 4202.14,
          "Friendly": 1690.4,
          "W 11th": 1496.57,
          "Farm - Tuesday": 596.4,
          "St Johns Farmers Market": 231.16,
          "Zafar Residence": 72,
          "Home Delivery - Corvallis": 130.72
        }
      }
    },
    {
      "dateRange": "2023-10-09 to 2023-10-15",
      "data": {
        "totalSales": "11963.47",
        "numOrders": 132,
        "numSubscriberOrders": 132,
        "numGuestOrders": 0,
        "averageItemsPerOrder": 10,
        "averageOrderAmount": "92.98",
        "totalActiveSubscribers": 206,
        "projectedMonthlySubscriptionRevenue": 48602,
        "vendors": {
          "Deck Family Farm": 4681.88,
          "Creamy Cow, LLC": 2259.1,
          "BNF Kombucha and Jun": 96.84,
          "Red Tail Growers": 352.92,
          "Grazier's Garden": 1646.1,
          "Elegant Elephant Baking Co.": 201.92,
          "Camas Swale Farm": 265.75,
          "Little Wings": 954,
          "Small is Beautiful Farm": 236.01,
          "Camas Country Mill": 72.5,
          "OGC": 286.25,
          "Sweet Creek": 41.25,
          "Lonesome Whistle": 64.5,
          "The Extra Loaf": 178,
          "My Brothers Farm": 76.95,
          "Queen of Hearts Superfood": 49.5,
          "Reality Kitchen Nonprofit": 60.5,
          "Full Farm CSA": 225,
          "Radiant Coffee Roasters": 125.5,
          "": 27,
          "Kiko Denzer": 12.25,
          "Spoiled Rotten Vinegar": 18.75,
          "The Fungi Pharm": 31
        },
        "category": {
          "Sausages & Cured Meats": 1200.42,
          "Raw Dairy": 2228.1,
          "Grass-fed Beef": 1511.05,
          "Pantry - Kombucha & Jun": 96.84,
          "Pasture-raised Pork": 410.22,
          "Organic Vegetables - Squash": 216.5,
          "Organic Vegetables - Onions/Garlic": 314.67,
          "Pantry - Breads & Baked Goods": 433.42,
          "Pasture-raised Poultry": 420.66,
          "Organic Vegetables - Other": 281.75,
          "Organic Vegetables - Tomatoes": 331,
          "Organic Vegetables - Peppers": 280.75,
          "Organic Vegetables - Root Veggies": 500.6,
          "Home Goods": 118.25,
          "Organic Eggs": 729.96,
          "Pantry - Beans/Grains/Pasta": 84.25,
          "Organic Vegetables - Herbs": 129.5,
          "Organic Vegetables - Mushrooms": 240,
          "Organic Vegetables - Leafy Greens": 699,
          "Pantry - Canned/Jarred/Preserved": 52.5,
          "Pantry - Snacks": 83.75,
          "Organic Vegetables - Potatoes": 72.75,
          "Organic Fruit": 277.01,
          "Organic Vegetables - Broccoli/Cauliflower/Cabbage": 93,
          "Organic Vegetables - Broccoli/Cauliflower/Cabbages": 154.5,
          "Organs/Lard/Bones": 89.46,
          "Pantry - Honey & Nuts": 248.73,
          "Dairy": 31,
          "Uncategorized": 179.5,
          "Pantry - Dressings/Oils/Vinegars": 68.25,
          "Spring Lamb": 136.08,
          "Organ Meat & Lard": 12.25,
          "Pantry - Coffee": 125.5,
          "Events": 50,
          "Organic Vegetables": 55.25,
          "Pantry": 7
        },
        "product": {
          "Raw Fresh Whole Milk": 1176,
          "Organic Pasture Raised Chicken Eggs": 729.96,
          "A2/A2 Milk": 323,
          "2023 Pig Roast": 225,
          "Ground Beef - All Natural": 222.8,
          "Pork Shoulder Roast": 207.9,
          "Raw Fresh Sweet Cream": 199.75,
          "Broccolini": 189,
          "Pork Chops": 187.2,
          "Pork Bacon": 173.6,
          "Raw Honey": 171.78,
          "Japanese cucumber": 164.5,
          "Live Culture Yogurt": 161.2,
          "Spinach (1/2)": 159.5,
          "Beef Stew Meat": 156.2,
          "Beef Tenderloin": 154.26,
          "Crimini Mushrooms": 150,
          "Hot Italian Sausage Links": 138.6,
          "Fresh Garlic Sausage Links": 138.6,
          "Beef Osso Buco": 138.6
        },
        "dropsite": {
          "Hollywood Farmers Market": 1310.19,
          "Home Delivery - Eugene/Springfield/Junction City": 3532.55,
          "Farm - Friday": 359.21,
          "PSU Farmers Market": 502.17,
          "Irvington": 407.6,
          "Zafar Residence": 96,
          "Cully": 840.15,
          "St Johns Farmers Market": 583.72,
          "Woodstock": 619.07,
          "Lane County Farmers Market": 324.99,
          "Sherwood": 139.32,
          "Home Delivery - Corvallis": 178.31,
          "Friendly": 644,
          "W 11th": 1227.9,
          "Farm - Tuesday": 1017.59,
          "Corvallis": 180.7
        }
      }
    },
    {
      "dateRange": "2023-10-02 to 2023-10-08",
      "data": {
        "totalSales": "8419.97",
        "numOrders": 104,
        "numSubscriberOrders": 104,
        "numGuestOrders": 0,
        "averageItemsPerOrder": 9,
        "averageOrderAmount": "82.40",
        "totalActiveSubscribers": 206,
        "projectedMonthlySubscriptionRevenue": 48602,
        "vendors": {
          "Camas Swale Farm": 226.25,
          "Deck Family Farm": 2794.13,
          "Creamy Cow, LLC": 1763.4,
          "Lonesome Whistle": 88.75,
          "Grazier's Garden": 1253.5,
          "Little Wings": 670.5,
          "OGC": 228.5,
          "BNF Kombucha and Jun": 164.19,
          "Red Tail Growers": 122.5,
          "Small is Beautiful Farm": 207.85,
          "The Extra Loaf": 111.25,
          "Radiant Coffee Roasters": 90,
          "Sweet Creek": 129.5,
          "Queen of Hearts Superfood": 89.1,
          "Reality Kitchen Nonprofit": 100.75,
          "Elegant Elephant Baking Co.": 140,
          "Jar Joy Goods": 54,
          "Camas Country Mill": 88.25,
          "My Brothers Farm": 44.55,
          "Creole Me Up": 15,
          "": 27,
          "RL Plants": 11
        },
        "category": {
          "Organic Vegetables - Root Veggies": 50.75,
          "Sausages & Cured Meats": 54.6,
          "Raw Dairy": 172.75,
          "Pantry": 1124.9,
          "Organic Vegetables": 2255,
          "Pasture Raised Meats": 1996.04,
          "Organic Fruit": 245.35,
          "Eggs": 489.72,
          "Pantry - Beans/Grains/Pasta": 7.25,
          "Pasture-raised Poultry": 56.11,
          "Organic Vegetables - Squash": 9,
          "Organic Vegetables - Tomatoes": 8,
          "Organic Vegetables - Leafy Greens": 14.75,
          "Pantry - Breads & Baked Goods": 32.5,
          "Pantry - Canned/Jarred/Preserved": 30,
          "Pantry - Dressings/Oils/Vinegars": 9.9,
          "Organ Meat & Lard": 12.18,
          "Organic Eggs": 18.48,
          "Pantry - Kombucha & Jun": 35.04,
          "Organic Vegetables - Peppers": 24,
          "Home Goods": 171.5,
          "Dairy": 1590.65,
          "Organic Vegetables - Mushrooms": 5,
          "Organic Vegetables - Broccoli/Cauliflower/Cabbages": 6.5
        },
        "product": {
          "Raw Fresh Whole Milk": 859,
          "Organic Pasture Raised Chicken Eggs": 508.2,
          "A2/A2 Milk": 228,
          "Pork Bacon": 210.8,
          "Raw Honey": 167,
          "Beef Chuck Roast": 156.24,
          "Bone-In Chicken Breast": 151.2,
          "Live Culture Yogurt": 147.7,
          "Raw Sweet Cream Butter": 141,
          "Japanese cucumber": 140,
          "Ground Beef - All Natural": 133.68,
          "Raw Fresh Sweet Cream": 131,
          "Chicken Wings": 129.35,
          "Orange Carrots": 124,
          "Frozen Strawberries": 117,
          "Crimini Mushrooms": 115,
          "Roasting Chicken": 112.88,
          "Raw Cultured Butter": 104,
          "Spinach (1/2)": 101,
          "Chicken Hindquarter": 94.08
        },
        "dropsite": {
          "Farm - Friday": 431.12,
          "PSU Farmers Market": 544.49,
          "Hollywood Farmers Market": 950.92,
          "Lane County Farmers Market": 262.14,
          "St Johns Farmers Market": 305.34,
          "Corvallis": 208.95,
          "Woodstock": 339.04,
          "Irvington": 298.92,
          "Cully": 722.24,
          "Sherwood": 271.99,
          "W 11th": 548.13,
          "Friendly": 847.34,
          "Home Delivery - Eugene/Springfield/Junction City": 2073.78,
          "Farm - Tuesday": 615.57
        }
      }
    },
    {
      "dateRange": "2023-09-25 to 2023-10-01",
      "data": {
        "totalSales": "0.00",
        "numOrders": 0,
        "numSubscriberOrders": 0,
        "numGuestOrders": 0,
        "averageItemsPerOrder": null,
        "averageOrderAmount": "NaN",
        "totalActiveSubscribers": 206,
        "projectedMonthlySubscriptionRevenue": 48602,
        "vendors": {},
        "category": {},
        "product": {},
        "dropsite": {}
      }
    },
    {
      "dateRange": "2024-07-15 to 2024-07-21",
      "data": {
        "totalSales": "10269.37",
        "numOrders": 110,
        "numSubscriberOrders": 106,
        "numGuestOrders": 4,
        "averageItemsPerOrder": 10,
        "averageOrderAmount": "94.63",
        "totalActiveSubscribers": 207,
        "projectedMonthlySubscriptionRevenue": 49102,
        "vendors": {
          "Full Farm CSA": 438.56,
          "OGC": 306.22,
          "Reality Kitchen Nonprofit": 76.69,
          "Barrett Baking": 95.76,
          "Sweet Creek": 173.56,
          "Red Tail Growers": 510.94,
          "Camas Swale Farm": 384.27,
          "Little Wings": 595.84,
          "Grazier's Garden": 1166.48,
          "Deck Family Farm": 3624.86,
          "Creamy Cow, LLC": 2123.13,
          "Queen of Hearts Superfood": 35.78,
          "Elegant Elephant Baking Co.": 154.86,
          "River Ranch Oregon Olive OIl": 23.8,
          "Radiant Coffee Roasters": 146.3,
          "Deck Family Farm's Hyland Processing": 307.28,
          "Camas Country Mill": 27.65,
          "Lonesome Whistle": 19.14,
          "RL Plants": 11.44,
          "Spoiled Rotten Vinegar": 24.64,
          "Creole Me Up": 22.17
        },
        "category": {
          "Home Goods": 45.22,
          "Organic Vegetables - Leafy Greens": 413.71,
          "Organic Vegetables - Mushrooms": 192.86,
          "Dry Goods": 903.49,
          "Organic Fruit": 414.26,
          "Organic Vegetables - Roots": 194.52,
          "Organic Vegetables - Tomatoes": 408.86,
          "Organic Vegetables - Herbs": 248.7,
          "Organic Vegetables - Squash": 192.04,
          "Organic Vegetables - Other": 443.48,
          "Organic Eggs": 666.05,
          "Organic Vegetables - Onions/Garlic": 337.49,
          "Sausages & Cured Meats": 1144.71,
          "Raw Dairy (Unpasteurized)": 2123.13,
          "Grass-fed Beef": 983.14,
          "Organ Meat & Lard": 17.76,
          "Organic Vegetables - Broccoli/Cauliflower/Cabbage": 299.52,
          "Organic Vegetables - Potatoes": 179.89,
          "Pasture-raised Pork": 422.53,
          "Pasture-raised Poultry": 377.59,
          "Spring Lamb": 113.05,
          "Flowers": 11.44,
          "Uncategorized": 92.29,
          "Pasture Raised Pork": 40.04,
          "Organic Vegetables  - Broccoli/Cauliflower/Cabbage": 3.6
        },
        "product": {
          "Raw Fresh Whole Milk": 1072,
          "Organic Pasture Raised Chicken Eggs": 666.05,
          "Blueberries": 337.68,
          "Live Culture Yogurt": 335.16,
          "Ground Beef - All Natural": 333.69,
          "Baby Back Ribs **SALE**": 323.69,
          "Raw A2/A2 Milk": 285,
          "Sungold Tomatoes": 224.79,
          "Raw Cultured Butter": 186.2,
          "Pork Bacon": 173.53,
          "Honey, Raw": 167.27,
          "Persian Cucumber": 161.24,
          "Nantes Carrots": 159.1,
          "Korean Beef Short Ribs": 158.2,
          "Red Norland Potatoes- Fresh dug": 156.44,
          "New York Steak": 155.76,
          "Tamari Pressed Beef Jerky": 151.18,
          "Cherry Tomatoes": 142.21,
          "Purple Shvelisi Garlic": 133.5,
          "Green Zucchini": 129.04
        },
        "dropsite": {
          "Farm - Friday": 388.54,
          "Corvallis": 347.06,
          "Hollywood Farmers Market": 1693.66,
          "LCFM": 404.27,
          "St Johns Farmers Market": 481.87,
          "Cully": 381.85,
          "PSU Farmers Market": 895.47,
          "Beaverton": 195.22,
          "Woodstock": 435.77,
          "Home Delivery - Eugene/Springfield/Junction City": 2114.56,
          "Friendly": 991.43,
          "Farm - Tuesday": 745.84,
          "W 11th": 724.08,
          "Springfield": 328.14,
          "Irvington": 141.61
        }
      }
    },
    {
      "dateRange": "2024-07-22 to 2024-07-28",
      "data": {
        "totalSales": "15099.97",
        "numOrders": 135,
        "numSubscriberOrders": 130,
        "numGuestOrders": 5,
        "averageItemsPerOrder": 10,
        "averageOrderAmount": "113.18",
        "totalActiveSubscribers": 209,
        "projectedMonthlySubscriptionRevenue": 49602,
        "vendors": {
          "Deck Family Farm": 6943.13,
          "Little Wings": 726.01,
          "Red Tail Growers": 693.7,
          "Creamy Cow, LLC": 2282.07,
          "Reality Kitchen Nonprofit": 136.71,
          "Sweet Creek": 175.95,
          "Queen of Hearts Superfood": 26.34,
          "Elegant Elephant Baking Co.": 208.72,
          "Camas Swale Farm": 679.58,
          "Small is Beautiful Farm": 80.8,
          "Full Farm CSA": 340.18,
          "Grazier's Garden": 1398.79,
          "Deck Family Farm's Hyland Processing": 273.76,
          "Radiant Coffee Roasters": 235.18,
          "OGC": 337.21,
          "BNF Kombucha and Jun": 123.03,
          "River Ranch Oregon Olive OIl": 218.84,
          "Barrett Baking": 54.96,
          "Creole Me Up": 58.45,
          "Lonesome Whistle": 18.73,
          "Spoiled Rotten Vinegar": 19.95,
          "Camas Country Mill": 47.93,
          "RL Plants": 19.95
        },
        "category": {
          "Pasture-raised Poultry": 762.27,
          "Organic Vegetables - Onions/Garlic": 314.88,
          "Organic Vegetables - Roots": 269.73,
          "Raw Dairy (Unpasteurized)": 2282.07,
          "Dry Goods": 1487.39,
          "Sausages & Cured Meats": 1678.22,
          "Grass-fed Beef": 2662.71,
          "Organic Vegetables - Tomatoes": 901.89,
          "Organic Vegetables - Peppers": 10.05,
          "Organic Vegetables - Leafy Greens": 568.34,
          "Home Goods": 100.75,
          "Organic Fruit": 425.24,
          "Organic Eggs": 874.97,
          "Organic Vegetables - Squash": 293.62,
          "Organic Vegetables - Other": 502.69,
          "Organic Vegetables - Herbs": 348.21,
          "Organic Vegetables - Potatoes": 193.36,
          "Organic Vegetables - Mushrooms": 204.08,
          "Organic Vegetables - Broccoli/Cauliflower/Cabbage": 132.38,
          "Pasture-raised Pork": 866.38,
          "Uncategorized": 25.1,
          "Spring Lamb": 142.09,
          "Organs/Lard/Bones": 5.38,
          "Pasture Raised Pork": 48.17
        },
        "product": {
          "Raw Fresh Whole Milk": 1008,
          "Organic Pasture Raised Chicken Eggs": 874.97,
          "Ground Beef - All Natural": 427.71,
          "Pork Bacon": 423.36,
          "Heirloom Tomatoes": 390.08,
          "Raw A2/A2 Milk": 361,
          "Ribeye Steak": 347.76,
          "Roasting Chicken": 333.7,
          "Top Sirloin Steak": 320.28,
          "Pork Shoulder Roast": 266.46,
          "Chicken Hindquarter": 248.64,
          "Blueberries": 239.44,
          "Raw Sweet Cream Butter": 239.4,
          "Pork Chop, Boneless Thick Cut": 226.88,
          "Nantes Carrots": 225.24,
          "Pork Frankfurter **SALE**": 219.27,
          "Sungold Tomatoes": 212.36,
          "Persian Cucumber": 206.8,
          "Pork Chops Bone-In": 203.61,
          "Green Zucchini": 197.62
        },
        "dropsite": {
          "Farm - Friday": 973.05,
          "Hollywood Farmers Market": 1580.84,
          "LCFM": 609.71,
          "Beaverton": 156.44,
          "PSU Farmers Market": 1205.56,
          "Irvington": 331.56,
          "St Johns Farmers Market": 243.01,
          "Cully": 353.59,
          "Woodstock": 346.97,
          "Home Delivery - Corvallis": 61.19,
          "Home Delivery - Eugene/Springfield/Junction City": 6204.52,
          "Farm - Tuesday": 885.28,
          "Friendly": 1005.33,
          "W 11th": 752.68,
          "Springfield": 261.84,
          "Corvallis": 128.4
        }
      }
    },
    {
      "dateRange": "2024-07-29 to 2024-08-04",
      "data": {
        "totalSales": "14969.41",
        "numOrders": 132,
        "numSubscriberOrders": 127,
        "numGuestOrders": 5,
        "averageItemsPerOrder": 11,
        "averageOrderAmount": "114.92",
        "totalActiveSubscribers": 212,
        "projectedMonthlySubscriptionRevenue": 50402,
        "vendors": {
          "Sweet Creek": 136.61,
          "Deck Family Farm": 6351.02,
          "River Ranch Oregon Olive OIl": 150.56,
          "Grazier's Garden": 1158.95,
          "Camas Swale Farm": 1326.87,
          "OGC": 364.49,
          "Red Tail Growers": 553.52,
          "Creamy Cow, LLC": 2407.23,
          "Queen of Hearts Superfood": 105.36,
          "Little Wings": 475.32,
          "Small is Beautiful Farm": 159.6,
          "Radiant Coffee Roasters": 248.71,
          "Full Farm CSA": 453.12,
          "RL Plants": 59.85,
          "Deck Family Farm's Hyland Processing": 338.2,
          "Creole Me Up": 71.59,
          "Lonesome Whistle": 44.63,
          "BNF Kombucha and Jun": 242.8,
          "Elegant Elephant Baking Co.": 177.33,
          "Barrett Baking": 31.92,
          "Reality Kitchen Nonprofit": 83.7,
          "Spoiled Rotten Vinegar": 28.03
        },
        "category": {
          "Dry Goods": 1536.64,
          "Organic Vegetables - Potatoes": 184.45,
          "Organic Vegetables - Onions/Garlic": 336.33,
          "Sausages & Cured Meats": 1725.79,
          "Organic Vegetables - Other": 1133.66,
          "Organic Vegetables - Mushrooms": 199.01,
          "Organic Vegetables - Broccoli/Cauliflower/Cabbage": 53.53,
          "Organic Vegetables - Tomatoes": 652.86,
          "Organic Vegetables - Leafy Greens": 582.21,
          "Organic Eggs": 624.76,
          "Raw Dairy (Unpasteurized)": 2407.23,
          "Grass-fed Beef": 2249.46,
          "Home Goods": 219.45,
          "Pasture-raised Pork": 836.13,
          "Organic Vegetables - Herbs": 177.01,
          "Organic Fruit": 575.52,
          "Organic Vegetables - Squash": 140.54,
          "Pasture-raised Poultry": 666.3,
          "Organic Vegetables - Roots": 185.15,
          "Organs/Lard/Bones": 56.91,
          "Spring Lamb": 119.81,
          "Organic Vegetables - Peppers": 101,
          "Uncategorized": 18.48,
          "Pasture Raised Poultry": 78.3,
          "Pasture Raised Pork": 108.88
        },
        "product": {
          "Raw Fresh Whole Milk": 1068,
          "Organic Pasture Raised Chicken Eggs": 624.76,
          "Top Sirloin Steak": 528.61,
          "Sweet Corn": 438,
          "Pork Bacon": 410.13,
          "Ribeye Steak": 407.4,
          "Heirloom Tomatoes": 382.72,
          "Blueberries": 371.52,
          "Pork Chop, Boneless Thick Cut": 340.32,
          "Raw A2/A2 Milk": 323,
          "Green Beans": 287.4,
          "Chicken Hindquarter": 249.67,
          "Live Culture Yogurt": 239.4,
          "Pork Shoulder Roast": 224.62,
          "Pork Chops Bone-In": 223.19,
          "Honey, Raw": 222.88,
          "Beef Patties **SALE**": 218.68,
          "Ground Beef - All Natural": 218.36,
          "New York Steak": 214.17,
          "Pork Frankfurter **SALE**": 191.1
        },
        "dropsite": {
          "St Johns Farmers Market": 708.64,
          "PSU Farmers Market": 1078.61,
          "Hollywood Farmers Market": 1429.23,
          "Farm - Friday": 363.03,
          "LCFM": 245.52,
          "Home Delivery - Corvallis": 704.08,
          "Irvington": 338.43,
          "Cully": 1085.17,
          "Woodstock": 964.26,
          "Home Delivery - Eugene/Springfield/Junction City": 4795.41,
          "Friendly": 1256.12,
          "Farm - Tuesday": 771.34,
          "Springfield": 332.58,
          "W 11th": 764.22,
          "Corvallis": 55.54,
          "Beaverton": 77.23
        }
      }
    },
    {
      "dateRange": "2024-08-05 to 2024-08-11",
      "data": {
        "totalSales": "13560.26",
        "numOrders": 138,
        "numSubscriberOrders": 134,
        "numGuestOrders": 4,
        "averageItemsPerOrder": 10,
        "averageOrderAmount": "99.78",
        "totalActiveSubscribers": 214,
        "projectedMonthlySubscriptionRevenue": 50602,
        "vendors": {
          "Grazier's Garden": 1549.69,
          "Red Tail Growers": 623.3,
          "Deck Family Farm": 5131.24,
          "Camas Swale Farm": 943.62,
          "OGC": 382.89,
          "Little Wings": 387.1,
          "Sweet Creek": 188.79,
          "Full Farm CSA": 433.55,
          "Creamy Cow, LLC": 2323.43,
          "Radiant Coffee Roasters": 190.19,
          "BNF Kombucha and Jun": 137.56,
          "Deck Family Farm's Hyland Processing": 362.23,
          "Barrett Baking": 118.8,
          "Creole Me Up": 69.89,
          "Queen of Hearts Superfood": 79.68,
          "Reality Kitchen Nonprofit": 37.23,
          "Elegant Elephant Baking Co.": 74.95,
          "Small is Beautiful Farm": 228.24,
          "River Ranch Oregon Olive OIl": 164.91,
          "Lonesome Whistle": 62.04,
          "RL Plants": 55.87,
          "Camas Country Mill": 8.31,
          "Spoiled Rotten Vinegar": 6.75
        },
        "category": {
          "Organic Vegetables - Potatoes": 181.3,
          "Organic Vegetables - Onions/Garlic": 378.95,
          "Organic Eggs": 826.19,
          "Organic Vegetables - Roots": 243.62,
          "Organic Vegetables - Tomatoes": 772.63,
          "Organic Vegetables - Leafy Greens": 556.02,
          "Organic Vegetables - Mushrooms": 202.96,
          "Organic Vegetables - Herbs": 102.02,
          "Organic Vegetables - Broccoli/Cauliflower/Cabbage": 207.46,
          "Organic Vegetables - Peppers": 122.05,
          "Organic Vegetables - Squash": 198.54,
          "Organic Vegetables - Other": 591.09,
          "Dry Goods": 1318.08,
          "Sausages & Cured Meats": 1351.7,
          "Grass-fed Beef": 1209.5,
          "Organic Fruit": 829.66,
          "Raw Dairy (Unpasteurized)": 2323.43,
          "Pasture-raised Poultry": 740.43,
          "Pasture-raised Pork": 852.21,
          "Spring Lamb": 187.97,
          "Organs/Lard/Bones": 53.8,
          "Home Goods": 242.42,
          "Pasture Raised Pork": 30,
          "Pasture Raised Poultry": 18.79,
          "Uncategorized": 19.44
        },
        "product": {
          "Raw Fresh Whole Milk": 1268,
          "Organic Pasture Raised Chicken Eggs": 826.19,
          "Ground Beef - All Natural": 478.48,
          "Heirloom Tomatoes": 455.4,
          "Ground Pork **SALE**": 385.35,
          "Roasting Chicken": 367.07,
          "Pork Shoulder Roast": 355.28,
          "Live Culture Yogurt": 287.28,
          "Blueberries": 273.92,
          "Chicken Hindquarter": 267.43,
          "Pork Bacon": 252.14,
          "Strawberries": 251.64,
          "Honey, Raw": 222.88,
          "New York Steak": 214.17,
          "Nantes Carrots": 193.62,
          "Raw A2/A2 Milk": 190,
          "Green Beans": 162,
          "Little Gem Mix": 154.12,
          "Henni Penni Hispanico  6.1-7.3oz": 149.04,
          "Bratwurst Sausage": 148.1
        },
        "dropsite": {
          "Woodstock": 865.14,
          "Beaverton": 205.28,
          "Hollywood Farmers Market": 2090.42,
          "St Johns Farmers Market": 584.5,
          "Irvington": 351.98,
          "Corvallis": 146.29,
          "PSU Farmers Market": 785.79,
          "Farm - Friday": 650.06,
          "LCFM": 1310.25,
          "Cully": 408.75,
          "Home Delivery - Corvallis": 50.35,
          "Home Delivery - Eugene/Springfield/Junction City": 3800,
          "Friendly": 977.01,
          "W 11th": 478.6,
          "Farm - Tuesday": 678.31,
          "Springfield": 177.53
        }
      }
    },
    {
      "dateRange": "2024-08-12 to 2024-08-18",
      "data": {
        "totalSales": "13757.08",
        "numOrders": 132,
        "numSubscriberOrders": 126,
        "numGuestOrders": 6,
        "averageItemsPerOrder": 11,
        "averageOrderAmount": "105.66",
        "totalActiveSubscribers": 214,
        "projectedMonthlySubscriptionRevenue": 50402,
        "vendors": {
          "Creamy Cow, LLC": 2246.25,
          "Grazier's Garden": 1554.11,
          "Red Tail Growers": 544.96,
          "Camas Swale Farm": 833.49,
          "Deck Family Farm": 5184.85,
          "Deck Family Farm's Hyland Processing": 198.72,
          "Little Wings": 528.4,
          "OGC": 1341.11,
          "Elegant Elephant Baking Co.": 221.45,
          "Full Farm CSA": 195.88,
          "BNF Kombucha and Jun": 73.85,
          "Radiant Coffee Roasters": 162.03,
          "Reality Kitchen Nonprofit": 45.58,
          "River Ranch Oregon Olive OIl": 61.48,
          "Barrett Baking": 42.56,
          "Lonesome Whistle": 60.6,
          "Sweet Creek": 151.02,
          "Small is Beautiful Farm": 208.92,
          "Creole Me Up": 46.21,
          "Queen of Hearts Superfood": 26.34,
          "RL Plants": 29.27
        },
        "category": {
          "Raw Dairy (Unpasteurized)": 2246.25,
          "Organic Vegetables - Potatoes": 148.65,
          "Organic Vegetables - Onions/Garlic": 378.03,
          "Sausages & Cured Meats": 1066.7,
          "Pasture-raised Poultry": 727.72,
          "Organic Vegetables - Other": 399.9,
          "Organic Vegetables - Herbs": 146.73,
          "Organic Vegetables - Mushrooms": 271.68,
          "Organic Vegetables - Broccoli/Cauliflower/Cabbage": 341.8,
          "Organic Vegetables - Peppers": 447.55,
          "Organic Fruit": 1324,
          "Organic Eggs": 771.16,
          "Grass-fed Beef": 1574.01,
          "Dry Goods": 1312.09,
          "Organic Vegetables - Squash": 142.74,
          "Organic Vegetables - Tomatoes": 806.31,
          "Organic Vegetables - Leafy Greens": 453.75,
          "Organic Vegetables - Roots": 204.98,
          "Pasture-raised Pork": 391.16,
          "Spring Lamb": 333.54,
          "Home Goods": 189.17,
          "Organic Vegetables  - Broccoli/Cauliflower/Cabbage": 21.05,
          "Organ Meat & Lard": 17.76,
          "Uncategorized": 6.38,
          "Organs/Lard/Bones": 33.97
        },
        "product": {
          "Raw Fresh Whole Milk": 1094,
          "Organic Pasture Raised Chicken Eggs": 771.16,
          "Ground Beef - All Natural": 508.41,
          "New York Steak": 373.32,
          "Honey, Bulk Raw": 338.1,
          "Roasting Chicken": 333.7,
          "Raw A2/A2 Milk": 285,
          "Sungold Tomatoes": 277.96,
          "Heirloom Tomatoes": 270.48,
          "Pork Bacon": 264.6,
          "Chicken Hindquarter": 248.64,
          "Live Culture Yogurt": 239.4,
          "Peach": 218.16,
          "Raw Fresh Sweet Cream": 211.5,
          "Ground Pork **SALE**": 187.17,
          "Beef Chuck Roast": 180.8,
          "Ribeye Steak": 177.24,
          "Strawberries": 177.08,
          "Cherry Tomatoes": 150.11,
          "Little Gem Mix": 149.8
        },
        "dropsite": {
          "LCFM": 727.34,
          "Hollywood Farmers Market": 2267.11,
          "Beaverton": 284.51,
          "Woodstock": 696.87,
          "St Johns Farmers Market": 483.03,
          "Farm - Friday": 1099.1,
          "Irvington": 143.41,
          "PSU Farmers Market": 1031.97,
          "Cully": 646.3,
          "Corvallis": 422.35,
          "Friendly": 850.14,
          "Farm - Tuesday": 758.9,
          "Home Delivery - Eugene/Springfield/Junction City": 3175.49,
          "W 11th": 653.51,
          "Springfield": 301.85,
          "Home Delivery - Corvallis": 215.2
        }
      }
    },
    {
      "dateRange": "2024-08-19 to 2024-08-25",
      "data": {
        "totalSales": "16481.67",
        "numOrders": 144,
        "numSubscriberOrders": 139,
        "numGuestOrders": 5,
        "averageItemsPerOrder": 11,
        "averageOrderAmount": "115.71",
        "totalActiveSubscribers": 217,
        "projectedMonthlySubscriptionRevenue": 51216,
        "vendors": {
          "Creamy Cow, LLC": 2295.56,
          "Grazier's Garden": 1719.26,
          "OGC": 1693.94,
          "Camas Swale Farm": 626.22,
          "Red Tail Growers": 443.96,
          "Little Wings": 591.15,
          "Deck Family Farm": 6540.45,
          "Queen of Hearts Superfood": 122.92,
          "Spoiled Rotten Vinegar": 36.01,
          "Barrett Baking": 95.76,
          "Elegant Elephant Baking Co.": 136.81,
          "Deck Family Farm's Hyland Processing": 495.24,
          "BNF Kombucha and Jun": 102.49,
          "Full Farm CSA": 384.71,
          "River Ranch Oregon Olive OIl": 243.27,
          "Creole Me Up": 35.39,
          "Lonesome Whistle": 53.17,
          "Sweet Creek": 65.14,
          "Camas Country Mill": 365.87,
          "RL Plants": 84.46,
          "Reality Kitchen Nonprofit": 69.26,
          "Radiant Coffee Roasters": 160.93,
          "Small is Beautiful Farm": 119.7
        },
        "category": {
          "Raw Dairy (Unpasteurized)": 2295.56,
          "Organic Vegetables - Squash": 157.92,
          "Organic Vegetables - Mushrooms": 250.61,
          "Organic Vegetables - Tomatoes": 606.11,
          "Organic Vegetables - Roots": 334.43,
          "Organic Fruit": 1446.76,
          "Organic Vegetables - Onions/Garlic": 397.24,
          "Organic Vegetables - Leafy Greens": 357.73,
          "Organic Vegetables - Herbs": 135.12,
          "Pasture-raised Poultry": 1206.04,
          "Dry Goods": 1555.64,
          "Organic Vegetables - Broccoli/Cauliflower/Cabbage": 438.22,
          "Organic Vegetables - Peppers": 484.26,
          "Organic Vegetables - Other": 684.82,
          "Grass-fed Beef": 2041.64,
          "Pasture Raised Poultry": 56.56,
          "Sausages & Cured Meats": 1474.66,
          "Organic Vegetables - Potatoes": 139.2,
          "Pasture Raised Pork": 33.02,
          "Pasture-raised Pork": 735,
          "Organic Eggs": 977.86,
          "Spring Lamb": 442.29,
          "Home Goods": 221.45,
          "Organic Vegetables  - Broccoli/Cauliflower/Cabbage": 9.53
        },
        "product": {
          "Raw Fresh Whole Milk": 1052,
          "Organic Pasture Raised Chicken Eggs": 977.86,
          "Chicken Hindquarter **SALE**": 699.73,
          "Ground Beef - All Natural": 623.74,
          "Ribeye Steak": 325.5,
          "Raw A2/A2 Milk": 323,
          "Pork Bacon": 306.6,
          "Cantaloupe": 297.3,
          "Pork Shoulder Roast, Large": 279.72,
          "Blueberries": 258.96,
          "Raw Fresh Sweet Cream": 246.75,
          "Nantes Carrots": 212.94,
          "Heirloom Tomatoes": 209.76,
          "Live Culture Yogurt": 207.48,
          "2022 Arbequina  Olive Oil 250mL": 201.96,
          "Mini Sweet Mix Bell Peppers": 201.3,
          "Roasting Chicken": 192.67,
          "Red Raspberries": 182.74,
          "Beef Flat Iron Steak": 181.72,
          "Lamb Kabob": 177.65
        },
        "dropsite": {
          "PSU Farmers Market": 1073.5,
          "Cully": 339.66,
          "St Johns Farmers Market": 742.28,
          "LCFM": 386.02,
          "Woodstock": 805.96,
          "Farm - Friday": 838.38,
          "Hollywood Farmers Market": 1638.67,
          "Irvington": 546.37,
          "Beaverton": 214.51,
          "Home Delivery - Corvallis": 538.85,
          "Corvallis": 82.94,
          "Friendly": 1626.02,
          "W 11th": 1087.42,
          "Home Delivery - Eugene/Springfield/Junction City": 5797.47,
          "Farm - Tuesday": 398.25,
          "Springfield": 365.37
        }
      }
    },
    {
      "dateRange": "2024-08-26 to 2024-09-01",
      "data": {
        "totalSales": "13502.08",
        "numOrders": 131,
        "numSubscriberOrders": 127,
        "numGuestOrders": 4,
        "averageItemsPerOrder": 10,
        "averageOrderAmount": "104.75",
        "totalActiveSubscribers": 214,
        "projectedMonthlySubscriptionRevenue": 50016,
        "vendors": {
          "Radiant Coffee Roasters": 131.67,
          "Grazier's Garden": 1795.47,
          "Camas Swale Farm": 410.77,
          "Deck Family Farm": 5418.5,
          "OGC": 648.31,
          "Little Wings": 786.98,
          "Creamy Cow, LLC": 2213.22,
          "Red Tail Growers": 375.17,
          "Small is Beautiful Farm": 466.25,
          "Camas Country Mill": 165.72,
          "Deck Family Farm's Hyland Artisinal Meats": 384.77,
          "Reality Kitchen Nonprofit": 74.83,
          "Lonesome Whistle": 85.19,
          "RL Plants": 70.5,
          "Sweet Creek": 34.35,
          "Barrett Baking": 74.48,
          "Full Farm CSA": 89.15,
          "River Ranch Oregon Olive OIl": 108.97,
          "Elegant Elephant Baking Co.": 72.1,
          "Creole Me Up": 23.42,
          "BNF Kombucha and Jun": 17.72,
          "Queen of Hearts Superfood": 43.9,
          "Spoiled Rotten Vinegar": 10.64
        },
        "category": {
          "Dry Goods": 982.98,
          "Organic Vegetables - Potatoes": 157.08,
          "Organic Vegetables - Onions/Garlic": 297.71,
          "Sausages & Cured Meats": 1400.12,
          "Organic Vegetables - Other": 743.72,
          "Organic Vegetables - Broccoli/Cauliflower/Cabbage": 94.92,
          "Organic Vegetables - Tomatoes": 580.34,
          "Organic Vegetables - Peppers": 443.04,
          "Organic Fruit": 1072.42,
          "Organic Eggs": 790.17,
          "Raw Dairy (Unpasteurized)": 2213.22,
          "Organic Vegetables - Herbs": 94.81,
          "Pasture-raised Poultry": 759.83,
          "Grass-fed Beef": 1499.14,
          "Spring Lamb": 590.32,
          "Organic Vegetables - Leafy Greens": 349.13,
          "Organic Vegetables - Mushrooms": 215.13,
          "Organic Vegetables - Roots": 238.02,
          "Home Goods": 275.09,
          "Organic Vegetables - Squash": 89.34,
          "Pasture-raised Pork": 454.21,
          "Pasture Raised Poultry": 134.95,
          "Pasture Raised Pork": 21.14,
          "Organic Vegetables  - Broccoli/Cauliflower/Cabbage": 5.25
        },
        "product": {
          "Raw Fresh Whole Milk": 1032,
          "Organic Pasture Raised Chicken Eggs": 790.17,
          "Sweet Corn": 397.02,
          "Chicken Hindquarter **SALE**": 333.56,
          "Raw A2/A2 Milk": 285,
          "Sage and Sea Salt Pork Breakfast Sausage": 276.32,
          "Ground Beef - All Natural": 266.78,
          "Roasting Chicken": 265.5,
          "Strawberries": 251.64,
          "Beef Flat Iron Steak": 248.64,
          "Boneless Skinless Breast Chucks": 229.32,
          "Live Culture Yogurt": 223.44,
          "Top Sirloin Steak": 218.48,
          "Beef Chuck Roast": 216.96,
          "Heirloom Tomatoes": 215.28,
          "Ground Lamb": 213.5,
          "Salad Mix": 205.72,
          "Raw Fresh Sweet Cream": 188,
          "Pork Shoulder Roast, Large": 186.48,
          "Cantaloupe": 182.43
        },
        "dropsite": {
          "Hollywood Farmers Market": 1543.6,
          "St Johns Farmers Market": 638.49,
          "Cully": 372.98,
          "Farm - Friday": 531.35,
          "Corvallis": 296.96,
          "PSU Farmers Market": 1060.98,
          "LCFM": 71.62,
          "Woodstock": 1163.15,
          "Irvington": 328.35,
          "W 11th": 798.82,
          "Home Delivery - Eugene/Springfield/Junction City": 5095.57,
          "Farm - Tuesday": 554.53,
          "Friendly": 709,
          "Beaverton": 213.4,
          "Home Delivery - Corvallis": 50.35,
          "Salem": 72.93
        }
      }
    },
    {
      "dateRange": "2024-09-02 to 2024-09-08",
      "data": {
        "totalSales": "14102.46",
        "numOrders": 133,
        "numSubscriberOrders": 128,
        "numGuestOrders": 5,
        "averageItemsPerOrder": 11,
        "averageOrderAmount": "107.54",
        "totalActiveSubscribers": 218,
        "projectedMonthlySubscriptionRevenue": 50916,
        "vendors": {
          "Deck Family Farm": 5531.68,
          "Grazier's Garden": 1629.02,
          "Red Tail Growers": 590.25,
          "Small is Beautiful Farm": 469.32,
          "Creamy Cow, LLC": 2581.29,
          "Creole Me Up": 45.33,
          "Lonesome Whistle": 111.23,
          "Sweet Creek": 45.54,
          "Camas Swale Farm": 439.04,
          "OGC": 456.85,
          "Little Wings": 622,
          "Barrett Baking": 63.84,
          "Queen of Hearts Superfood": 87.8,
          "Elegant Elephant Baking Co.": 128.62,
          "Reality Kitchen Nonprofit": 45.63,
          "River Ranch Oregon Olive OIl": 227.05,
          "Radiant Coffee Roasters": 279.07,
          "Deck Family Farm's Hyland Artisinal Meats": 326.29,
          "Camas Country Mill": 232.42,
          "Full Farm CSA": 143.64,
          "BNF Kombucha and Jun": 19.95,
          "RL Plants": 17.29,
          "Spoiled Rotten Vinegar": 9.31
        },
        "category": {
          "Sausages & Cured Meats": 1376.79,
          "Grass-fed Beef": 1739.52,
          "Organic Vegetables - Other": 648.56,
          "Organic Vegetables - Roots": 351.43,
          "Organic Fruit": 825.65,
          "Organic Eggs": 874.56,
          "Raw Dairy (Unpasteurized)": 2581.29,
          "Dry Goods": 1388.11,
          "Organic Vegetables - Onions/Garlic": 313.81,
          "Organic Vegetables - Leafy Greens": 301.11,
          "Organic Vegetables - Squash": 128.06,
          "Organic Vegetables - Tomatoes": 558.99,
          "Organic Vegetables - Mushrooms": 284.39,
          "Pasture-raised Poultry": 830.28,
          "Organic Vegetables - Peppers": 484.33,
          "Organic Vegetables - Potatoes": 169.88,
          "Spring Lamb": 224.36,
          "Organic Vegetables - Herbs": 74.71,
          "Pasture Raised Pork": 153.49,
          "Pasture Raised Poultry": 97.56,
          "Uncategorized": 18.42,
          "Home Goods": 211.39,
          "Pasture-raised Pork": 439.17,
          "Organic Vegetables - Broccoli/Cauliflower/Cabbage": 26.6
        },
        "product": {
          "Raw Fresh Whole Milk": 1158,
          "Ground Beef - All Natural **SALE** 3 Lbs.": 1014.5,
          "Organic Pasture Raised Chicken Eggs": 874.56,
          "Raw A2/A2 Milk": 418,
          "Roasting Chicken": 348.23,
          "Sweet Corn": 340.06,
          "Nantes Carrots": 254.94,
          "Raw Sweet Cream Butter": 239.4,
          "Boneless Skinless Breast Chucks": 226.04,
          "Heirloom Tomatoes": 209.3,
          "Slicing Cucumbers": 197.5,
          "Live Culture Yogurt": 188.86,
          "Raw Fresh Sweet Cream": 188,
          "Chop, Boneless": 183.3,
          "Bone-In Chicken Breast": 182.59,
          "Strawberries": 172.42,
          "Raw Cultured Butter": 167.58,
          "Beef Tri-Tip,": 165.09,
          "Cut Flower Bouquet": 160.6,
          "Pork Bacon": 158.76
        },
        "dropsite": {
          "Hollywood Farmers Market": 2513.32,
          "Irvington": 347.3,
          "PSU Farmers Market": 955.8,
          "Woodstock": 583.16,
          "LCFM": 968.47,
          "Cully": 525.79,
          "Corvallis": 309.21,
          "Beaverton": 255.8,
          "Farm - Friday": 357.49,
          "St Johns Farmers Market": 130.01,
          "W 11th": 680.06,
          "Home Delivery - Eugene/Springfield/Junction City": 4782.61,
          "Friendly": 857.2,
          "Farm - Tuesday": 300.07,
          "Springfield": 364.44,
          "Home Delivery - Corvallis": 171.73
        }
      }
    },
    {
      "dateRange": "2024-09-09 to 2024-09-15",
      "data": {
        "totalSales": "15746.83",
        "numOrders": 158,
        "numSubscriberOrders": 151,
        "numGuestOrders": 7,
        "averageItemsPerOrder": 10,
        "averageOrderAmount": "101.44",
        "totalActiveSubscribers": 218,
        "projectedMonthlySubscriptionRevenue": 51216,
        "vendors": {
          "Grazier's Garden": 1897.26,
          "Little Wings": 975.68,
          "Red Tail Growers": 569.42,
          "Deck Family Farm": 6450.82,
          "Creamy Cow, LLC": 2303.53,
          "Deck Family Farm's Hyland Artisinal Meats": 478.32,
          "Camas Country Mill": 246.88,
          "Elegant Elephant Baking Co.": 166.81,
          "Barrett Baking": 129.44,
          "Full Farm CSA": 178.59,
          "Radiant Coffee Roasters": 175.56,
          "Small is Beautiful Farm": 582.52,
          "OGC": 358.46,
          "Camas Swale Farm": 514.09,
          "Lonesome Whistle": 100.15,
          "Spoiled Rotten Vinegar": 38.57,
          "River Ranch Oregon Olive OIl": 162.96,
          "Sweet Creek": 161.85,
          "Reality Kitchen Nonprofit": 81.92,
          "Queen of Hearts Superfood": 52.68,
          "Creole Me Up": 70.78,
          "RL Plants": 50.54
        },
        "category": {
          "Organic Vegetables - Onions/Garlic": 440.75,
          "Organic Vegetables - Other": 402.63,
          "Organic Vegetables - Tomatoes": 728.56,
          "Organic Vegetables - Leafy Greens": 521.48,
          "Organic Vegetables - Roots": 302.15,
          "Organic Eggs": 1039.64,
          "Raw Dairy (Unpasteurized)": 2303.53,
          "Organs/Lard/Bones": 26.9,
          "Organic Vegetables - Herbs": 119.54,
          "Grass-fed Beef": 2028.39,
          "Spring Lamb": 320.34,
          "Pasture-raised Poultry": 658.24,
          "Organic Vegetables - Potatoes": 432.12,
          "Sausages & Cured Meats": 1821.59,
          "Organic Vegetables - Peppers": 616.06,
          "Dry Goods": 1672.29,
          "Home Goods": 279.45,
          "Organic Fruit": 817.46,
          "Organic Vegetables - Squash": 145.48,
          "Organic Vegetables - Mushrooms": 318.98,
          "Pasture-raised Pork": 636.35,
          "Pasture Raised Pork": 21.14,
          "Pasture Raised Poultry": 93.76
        },
        "product": {
          "Ground Beef - All Natural **SALE** 3 Lbs.": 1272.23,
          "Raw Fresh Whole Milk": 1166,
          "Organic Pasture Raised Chicken Eggs": 1039.64,
          "Roasting Chicken": 402.87,
          "Chop, Boneless": 320.84,
          "Pork Bacon": 305.83,
          "Honey, Raw": 282.79,
          "German Butterball Potatoes": 266.76,
          "Raw A2/A2 Milk": 247,
          "Live Culture Yogurt": 239.4,
          "Heirloom Tomatoes": 227.24,
          "Nantes Carrots": 223.56,
          "Raw Sweet Cream Butter": 223.44,
          "Strawberries": 191.06,
          "Sage and Sea Salt Pork Breakfast Sausage": 188.4,
          "Raw Fresh Sweet Cream": 188,
          "Cut Flower Bouquet": 186.2,
          "Orange Bell Pepper": 172.5,
          "Boneless Skinless Breast Chucks": 169.53,
          "Sweet Corn": 167.4
        },
        "dropsite": {
          "Hollywood Farmers Market": 1218.36,
          "St Johns Farmers Market": 628.84,
          "Farm - Friday": 1194.99,
          "LCFM": 390.06,
          "Irvington": 318.96,
          "Woodstock": 561,
          "Cully": 330.17,
          "PSU Farmers Market": 870.78,
          "Home Delivery - Corvallis": 377.46,
          "Springfield": 98,
          "Home Delivery - Eugene/Springfield/Junction City": 5693.54,
          "W 11th": 1112.35,
          "Farm - Tuesday": 1003.6,
          "Friendly": 1361.14,
          "Corvallis": 327.86,
          "Beaverton": 167.28,
          "Salem": 92.44
        }
      }
    },
    {
      "dateRange": "2024-09-16 to 2024-09-22",
      "data": {
        "totalSales": "14584.96",
        "numOrders": 142,
        "numSubscriberOrders": 138,
        "numGuestOrders": 4,
        "averageItemsPerOrder": 9,
        "averageOrderAmount": "104.19",
        "totalActiveSubscribers": 220,
        "projectedMonthlySubscriptionRevenue": 51916,
        "vendors": {
          "Deck Family Farm": 6816.81,
          "Creamy Cow, LLC": 2607.95,
          "Red Tail Growers": 330.86,
          "Sweet Creek": 177.81,
          "Grazier's Garden": 1924.16,
          "Little Wings": 552.46,
          "Reality Kitchen Nonprofit": 44.95,
          "Elegant Elephant Baking Co.": 196.21,
          "Camas Swale Farm": 270.69,
          "Small is Beautiful Farm": 359.98,
          "River Ranch Oregon Olive OIl": 145.01,
          "OGC": 312.75,
          "Barrett Baking": 42.56,
          "Deck Family Farm's Hyland Artisinal Meats": 209.44,
          "Lonesome Whistle": 75.41,
          "Camas Country Mill": 152.66,
          "Full Farm CSA": 142.67,
          "Radiant Coffee Roasters": 131.67,
          "": 27.5,
          "Queen of Hearts Superfood": 43.9,
          "Spoiled Rotten Vinegar": 9.31,
          "Creole Me Up": 10.2
        },
        "category": {
          "Organic Eggs": 901.69,
          "Raw Dairy (Unpasteurized)": 2607.95,
          "Sausages & Cured Meats": 1450.3,
          "Grass-fed Beef": 2641.89,
          "Pasture Raised Pork": 112.95,
          "Organic Vegetables - Roots": 239.7,
          "Pasture-raised Poultry": 937.21,
          "Dry Goods": 1134.65,
          "Organic Vegetables - Potatoes": 240.96,
          "Organic Vegetables - Leafy Greens": 232.14,
          "Organic Vegetables - Onions/Garlic": 296.87,
          "Organic Vegetables - Other": 474.55,
          "Organic Fruit": 618.04,
          "Organic Vegetables - Herbs": 162.88,
          "Organic Vegetables - Broccoli/Cauliflower/Cabbage": 356.48,
          "Organic Vegetables - Mushrooms": 297.07,
          "Organic Vegetables - Tomatoes": 475.28,
          "Spring Lamb": 355.09,
          "Pasture-raised Pork": 524.05,
          "Organic Vegetables - Peppers": 174.99,
          "Organic Vegetables - Squash": 103.4,
          "Home Goods": 212.85,
          "Uncategorized": 19.25,
          "Pasture Raised Poultry": 14.72
        },
        "product": {
          "Raw Fresh Whole Milk": 1180,
          "Organic Pasture Raised Chicken Eggs": 901.69,
          "Beef Tenderloin": 586.08,
          "*SALE $1 off per lb.* CRX Roasting Chicken": 557.76,
          "Ribeye Steak": 422.38,
          "Strawberries": 321.54,
          "Ground Beef": 286.21,
          "Raw A2/A2 Milk": 285,
          "Beef Chuck Roast": 267.68,
          "Live Culture Yogurt": 258.02,
          "Pork Bacon": 227.99,
          "Raw Sweet Cream Butter": 223.44,
          "Chop, Boneless": 223.26,
          "Nantes Carrots": 199.66,
          "Lamb Stew Meat": 163.36,
          "Beef Tri-Tip,": 161.3,
          "Cut Flower Bouquet": 159.6,
          "Heirloom Tomatoes": 155.94,
          "Shiitake Mushrooms": 147.01,
          "Skirt Steak, Large": 145.11
        },
        "dropsite": {
          "Home Delivery - Corvallis": 632.55,
          "Farm - Friday": 553.02,
          "Corvallis": 327.04,
          "PSU Farmers Market": 1005.39,
          "Hollywood Farmers Market": 1437.99,
          "LCFM": 760.11,
          "Woodstock": 870.57,
          "Cully": 888.58,
          "St Johns Farmers Market": 296.08,
          "Beaverton": 414.5,
          "Friendly": 1432.89,
          "Home Delivery - Eugene/Springfield/Junction City": 4018.83,
          "Farm - Tuesday": 772.56,
          "W 11th": 860.7,
          "Irvington": 244.15,
          "Springfield": 70
        }
      }
    },
    {
      "dateRange": "2024-09-23 to 2024-09-29",
      "data": {
        "totalSales": "15475.39",
        "numOrders": 148,
        "numSubscriberOrders": 145,
        "numGuestOrders": 3,
        "averageItemsPerOrder": 10,
        "averageOrderAmount": "106.19",
        "totalActiveSubscribers": 224,
        "projectedMonthlySubscriptionRevenue": 52416,
        "vendors": {
          "OGC": 277.45,
          "Red Tail Growers": 717.65,
          "Grazier's Garden": 1903.24,
          "Deck Family Farm": 7014.92,
          "Camas Swale Farm": 992.37,
          "Creamy Cow, LLC": 2374.96,
          "Radiant Coffee Roasters": 131.67,
          "Little Wings": 435.41,
          "Small is Beautiful Farm": 389.15,
          "RL Plants": 5.32,
          "Deck Family Farm's Hyland Artisinal Meats": 173.15,
          "Sweet Creek": 230.79,
          "Camas Country Mill": 167.98,
          "My Brothers Farm": 75.96,
          "Reality Kitchen Nonprofit": 74.2,
          "Full Farm CSA": 143.13,
          "Barrett Baking": 74.48,
          "Spoiled Rotten Vinegar": 18.62,
          "Queen of Hearts Superfood": 17.56,
          "Lonesome Whistle": 52.99,
          "Elegant Elephant Baking Co.": 101.72,
          "River Ranch Oregon Olive OIl": 48.01,
          "Creole Me Up": 54.66
        },
        "category": {
          "Organic Vegetables - Mushrooms": 272.97,
          "Organic Vegetables - Roots": 330.37,
          "Organic Vegetables - Tomatoes": 463.6,
          "Organic Eggs": 1003.28,
          "Organic Vegetables - Herbs": 143.98,
          "Organic Vegetables - Onions/Garlic": 410.02,
          "Organic Vegetables - Potatoes": 264.22,
          "Organic Vegetables - Peppers": 491.39,
          "Organic Fruit": 607.65,
          "Pasture-raised Poultry": 830.33,
          "Raw Dairy (Unpasteurized)": 2374.96,
          "Dry Goods": 1314.41,
          "Organic Vegetables - Other": 472.54,
          "Organic Vegetables - Squash": 107.5,
          "Organic Vegetables - Broccoli/Cauliflower/Cabbage": 454.66,
          "Organic Vegetables - Leafy Greens": 637.31,
          "Home Goods": 203.21,
          "Sausages & Cured Meats": 1399.45,
          "Grass-fed Beef": 2726.03,
          "Spring Lamb": 423.96,
          "Pasture-raised Pork": 514.11,
          "Pasture Raised Poultry": 29.44
        },
        "product": {
          "Raw Fresh Whole Milk": 1086,
          "Happy Hen Sale-Organic Pasture Raised Chicken Eggs": 759.99,
          "Ground Beef": 597.18,
          "*SALE $1 off per lb.* CRX Roasting Chicken": 464.8,
          "Beef Tenderloin": 426.24,
          "Ribeye Steak": 388.95,
          "Raw A2/A2 Milk": 323,
          "Strawberries": 307.56,
          "Pork Bacon": 304.29,
          "Honey, Raw": 261.47,
          "Broccoli": 254.6,
          "Organic Pasture Raised Chicken Eggs": 243.29,
          "Beef Chuck Roast": 229.44,
          "Chicken Hindquarter": 213.12,
          "Raw Fresh Sweet Cream": 211.5,
          "Top Sirloin Steak": 210.96,
          "Pastrami, Sliced": 207.34,
          "Red Bell Pepper": 191.82,
          "Raw Sweet Cream Butter": 191.52,
          "Nantes Carrots": 186.38
        },
        "dropsite": {
          "Cully": 175.16,
          "Woodstock": 800.87,
          "PSU Farmers Market": 1214.16,
          "Hollywood Farmers Market": 2457.17,
          "LCFM": 715.21,
          "St Johns Farmers Market": 389.75,
          "Farm - Friday": 606.48,
          "Irvington": 327.25,
          "Home Delivery - Corvallis": 495.41,
          "Beaverton": 352.42,
          "Friendly": 1176.56,
          "Home Delivery - Eugene/Springfield/Junction City": 4507.26,
          "Farm - Tuesday": 852.71,
          "Springfield": 406.2,
          "Corvallis": 247.06,
          "W 11th": 662.7,
          "Salem": 89.02
        }
      }
    },
    {
      "dateRange": "2024-09-30 to 2024-10-06",
      "data": {
        "totalSales": "15113.42",
        "numOrders": 131,
        "numSubscriberOrders": 124,
        "numGuestOrders": 7,
        "averageItemsPerOrder": 10,
        "averageOrderAmount": "117.20",
        "totalActiveSubscribers": 229,
        "projectedMonthlySubscriptionRevenue": 53216,
        "vendors": {
          "Deck Family Farm": 7414.81,
          "Red Tail Growers": 569.01,
          "Little Wings": 202.79,
          "Grazier's Garden": 1612.8,
          "OGC": 217.3,
          "Radiant Coffee Roasters": 160.93,
          "My Brothers Farm": 144.3,
          "River Ranch Oregon Olive OIl": 168.33,
          "Camas Swale Farm": 561.66,
          "Sweet Creek": 263.64,
          "Full Farm CSA": 108.46,
          "Creamy Cow, LLC": 2435.38,
          "RL Plants": 22.61,
          "Deck Family Farm's Hyland Artisinal Meats": 187.95,
          "Camas Country Mill": 250.7,
          "Small is Beautiful Farm": 286.15,
          "Elegant Elephant Baking Co.": 141.38,
          "Lonesome Whistle": 89.32,
          "Barrett Baking": 159.6,
          "Creole Me Up": 23.42,
          "Reality Kitchen Nonprofit": 83.44,
          "Queen of Hearts Superfood": 9.44
        },
        "category": {
          "Sausages & Cured Meats": 2047.51,
          "Organic Vegetables - Roots": 348.11,
          "Organic Vegetables - Tomatoes": 381.57,
          "Organic Vegetables - Leafy Greens": 422.91,
          "Organic Vegetables - Mushrooms": 203.86,
          "Organic Vegetables - Broccoli/Cauliflower/Cabbage": 273.33,
          "Organic Vegetables - Peppers": 325.09,
          "Organic Vegetables - Squash": 144.62,
          "Organic Vegetables - Other": 264.87,
          "Pasture-raised Poultry": 481,
          "Grass-fed Beef": 2584.74,
          "Organic Fruit": 355.77,
          "Dry Goods": 1934.78,
          "Pasture-raised Pork": 689.97,
          "Organic Vegetables - Herbs": 125.43,
          "Organic Vegetables - Onions/Garlic": 375.16,
          "Organic Eggs": 799.53,
          "Spring Lamb": 425.31,
          "Raw Dairy (Unpasteurized)": 2435.38,
          "Organic Vegetables - Potatoes": 161.67,
          "Home Goods": 169.91,
          "Pasture Raised Poultry": 50.68,
          "Pasture Raised Pork": 63.09,
          "Uncategorized": 26.75,
          "Organic Vegetables  - Broccoli/Cauliflower/Cabbage": 7.2,
          "Organs/Lard/Bones": 15.18
        },
        "product": {
          "Raw Fresh Whole Milk": 1084,
          "Organic Pasture Raised Chicken Eggs": 552.78,
          "Beef Tenderloin": 426.24,
          "Ground Beef": 371.22,
          "Raw A2/A2 Milk": 361,
          "Beef Chuck Roast": 344.16,
          "Honey, Bulk Raw": 338.1,
          "Chop, Boneless": 319.68,
          "Bone-In Chicken Breast": 303.15,
          "SALE 10% OFF* Smoked Kielbasa Sausage": 282.02,
          "Pork Bacon": 264.6,
          "Happy Hen Sale-Organic Pasture Raised Chicken Eggs": 246.75,
          "SALE 10% OFF* Bratwurst Sausage": 239.02,
          "Top Sirloin Steak": 237.33,
          "New York Steak": 214.17,
          "Ribeye Steak": 207.44,
          "Bacon Ends & Pieces": 193.68,
          "Nantes Carrots": 190,
          "Raw Fresh Sweet Cream": 188,
          "Lamb Stew Meat": 179.51
        },
        "dropsite": {
          "PSU Farmers Market": 979.15,
          "Beaverton": 108.35,
          "LCFM": 629.57,
          "Irvington": 308.53,
          "Farm - Friday": 2229.36,
          "Woodstock": 418.18,
          "Hollywood Farmers Market": 1523.01,
          "St Johns Farmers Market": 126.51,
          "Cully": 280.63,
          "Home Delivery - Eugene/Springfield/Junction City": 5946.92,
          "Springfield": 281.52,
          "W 11th": 788.36,
          "Farm - Tuesday": 165.89,
          "Friendly": 959.06,
          "Corvallis": 49.83,
          "Home Delivery - Corvallis": 318.55
        }
      }
    },
    {
      "dateRange": "2024-10-07 to 2024-10-13",
      "data": {
        "totalSales": "14992.90",
        "numOrders": 142,
        "numSubscriberOrders": 139,
        "numGuestOrders": 3,
        "averageItemsPerOrder": 9,
        "averageOrderAmount": "106.85",
        "totalActiveSubscribers": 231,
        "projectedMonthlySubscriptionRevenue": 53616,
        "vendors": {
          "Deck Family Farm": 7394.65,
          "Deck Family Farm's Hyland Artisinal Meats": 330.58,
          "Little Wings": 544.93,
          "Grazier's Garden": 1607.01,
          "Small is Beautiful Farm": 326.98,
          "Creamy Cow, LLC": 2343.36,
          "Red Tail Growers": 842.67,
          "Camas Country Mill": 158.33,
          "Barrett Baking": 85.12,
          "My Brothers Farm": 167.52,
          "Lonesome Whistle": 55.91,
          "OGC": 262.51,
          "Camas Swale Farm": 214.84,
          "Sweet Creek": 144.21,
          "Queen of Hearts Superfood": 17.56,
          "Elegant Elephant Baking Co.": 95.46,
          "Radiant Coffee Roasters": 131.67,
          "River Ranch Oregon Olive OIl": 43.46,
          "Full Farm CSA": 121.22,
          "Reality Kitchen Nonprofit": 54.08,
          "Spoiled Rotten Vinegar": 30.59,
          "Creole Me Up": 20.24
        },
        "category": {
          "Sausages & Cured Meats": 1498.12,
          "Pasture-raised Poultry": 1040.08,
          "Pasture-raised Pork": 614.27,
          "Grass-fed Beef": 2151.45,
          "Organic Vegetables - Herbs": 204.75,
          "Organic Vegetables - Tomatoes": 450.33,
          "Organic Fruit": 290.46,
          "Raw Dairy (Unpasteurized)": 2343.36,
          "Organic Vegetables - Leafy Greens": 712.66,
          "Organic Vegetables - Onions/Garlic": 421,
          "Organic Vegetables - Roots": 385,
          "Organic Vegetables - Broccoli/Cauliflower/Cabbage": 341.17,
          "Dry Goods": 1089.06,
          "Organic Eggs": 858.75,
          "Organic Vegetables - Peppers": 293.87,
          "Spring Lamb": 332.84,
          "Organic Vegetables - Mushrooms": 262.51,
          "Organic Vegetables - Potatoes": 172.31,
          "Thanksgiving Turkeys": 990,
          "Organic Vegetables - Squash": 110.06,
          "Organs/Lard/Bones": 94.3,
          "Organic Vegetables - Other": 145.7,
          "Home Goods": 119.7,
          "Pasture Raised Pork": 60.21,
          "Uncategorized": 10.94
        },
        "product": {
          "Raw Fresh Whole Milk": 1248,
          "Organic Pasture Raised Chicken Eggs": 858.75,
          "CRX Roasting Chicken": 500.55,
          "Bronze Heritage Thanksgiving Turkeys, Medium": 378,
          "Ground Beef": 307.6,
          "Boneless Pork Chop": 284.9,
          "Nantes Carrots": 257.12,
          "Raw Sweet Cream Butter": 255.36,
          "SALE 10% OFF* Smoked Kielbasa Sausage": 253.08,
          "Broad Breasted White Thanksgiving Turkeys, Large": 252,
          "Beef Chuck Roast": 229.44,
          "Beef Flat Iron Steak": 227,
          "Pork Bacon": 226.45,
          "Ribeye Steak": 224.21,
          "Broad Breasted White Thanksgiving Turkeys, Medium": 216,
          "Bone-In Chicken Breast": 211.86,
          "Raw A2/A2 Milk": 209,
          "Raw Cultured Butter": 204.82,
          "Sungold Tomatoes": 202.6,
          "SALE 10% OFF* Bratwurst Sausage": 182.78
        },
        "dropsite": {
          "Home Delivery - Corvallis": 340.17,
          "Hollywood Farmers Market": 2167.95,
          "St Johns Farmers Market": 656.59,
          "Woodstock": 615.04,
          "Irvington": 695.46,
          "LCFM": 576.14,
          "PSU Farmers Market": 813.64,
          "Cully": 792.04,
          "Farm - Friday": 502.6,
          "Beaverton": 363.98,
          "Corvallis": 117.15,
          "Salem": 462.27,
          "Home Delivery - Eugene/Springfield/Junction City": 4370.13,
          "W 11th": 909.53,
          "Friendly": 895.72,
          "Springfield": 167.3,
          "Farm - Tuesday": 547.19
        }
      }
    },
    {
      "dateRange": "2024-10-14 to 2024-10-20",
      "data": {
        "totalSales": "19146.87",
        "numOrders": 161,
        "numSubscriberOrders": 157,
        "numGuestOrders": 4,
        "averageItemsPerOrder": 10,
        "averageOrderAmount": "119.98",
        "totalActiveSubscribers": 233,
        "projectedMonthlySubscriptionRevenue": 54316,
        "vendors": {
          "Grazier's Garden": 1674.88,
          "OGC": 278.22,
          "Small is Beautiful Farm": 216.73,
          "Red Tail Growers": 1013.82,
          "Deck Family Farm": 9914.4,
          "Little Wings": 530.82,
          "RL Plants": 23.94,
          "River Ranch Oregon Olive OIl": 69.29,
          "Creamy Cow, LLC": 3297.88,
          "Deck Family Farm's Hyland Artisinal Meats": 393.64,
          "Camas Swale Farm": 395.63,
          "My Brothers Farm": 103.94,
          "Creole Me Up": 22.27,
          "Camas Country Mill": 136.8,
          "Lonesome Whistle": 27.47,
          "Elegant Elephant Baking Co.": 104.79,
          "Barrett Baking": 74.48,
          "Radiant Coffee Roasters": 160.93,
          "Sweet Creek": 111.07,
          "Full Farm CSA": 478.77,
          "Reality Kitchen Nonprofit": 98.88,
          "Queen of Hearts Superfood": 18.22
        },
        "category": {
          "Organic Vegetables - Herbs": 257.36,
          "Organic Vegetables - Mushrooms": 278.22,
          "Organic Vegetables - Tomatoes": 359.17,
          "Organic Vegetables - Peppers": 249.89,
          "Organic Vegetables - Roots": 400.82,
          "Organic Eggs": 941.43,
          "Thanksgiving Turkeys": 2948,
          "Pasture-raised Poultry": 1132.74,
          "Grass-fed Beef": 2182.53,
          "Spring Lamb": 739.44,
          "Organic Vegetables - Broccoli/Cauliflower/Cabbage": 504.1,
          "Organic Vegetables - Leafy Greens": 719.16,
          "Home Goods": 196.89,
          "Raw Dairy (Unpasteurized)": 3297.88,
          "Sausages & Cured Meats": 1631.48,
          "Organic Vegetables - Potatoes": 261.15,
          "Organic Vegetables - Onions/Garlic": 394.7,
          "Organic Vegetables - Other": 325.13,
          "Dry Goods": 1108.48,
          "Organic Vegetables - Squash": 43.1,
          "Organic Fruit": 304.19,
          "Pasture-raised Pork": 494.38,
          "Organs/Lard/Bones": 23.38,
          "Pasture Raised Poultry": 31.24,
          "Events": 300,
          "Uncategorized": 18.02,
          "Organic Vegetables  - Broccoli/Cauliflower/Cabbage": 3.99
        },
        "product": {
          "Raw Fresh Whole Milk": 1402,
          "Bronze Heritage Thanksgiving Turkeys, Large": 1040,
          "Organic Pasture Raised Chicken Eggs": 941.43,
          "Bronze Heritage Thanksgiving Turkeys, Medium": 756,
          "Broad Breasted White Thanksgiving Turkeys, Medium": 648,
          "Ground Beef": 631.34,
          "CRX Roasting Chicken": 567.29,
          "Broad Breasted White Thanksgiving Turkeys, Large": 504,
          "Raw A2/A2 Milk": 418,
          "Ground Lamb": 396.5,
          "Live Culture Yogurt": 305.9,
          "Deck Family Farm's Fall Farm-to-Table Celebration": 300,
          "Pork Bacon": 277.83,
          "Broccolini": 245.14,
          "Ground Pork": 221.17,
          "Sungold Tomatoes": 196.84,
          "Beef Flat Iron Steak": 193.3,
          "Nantes Carrots": 192.66,
          "Bone-In Chicken Breast": 188.32,
          "Pork Shoulder Roast": 183.52
        },
        "dropsite": {
          "Corvallis": 276.37,
          "PSU Farmers Market": 2313.27,
          "Hollywood Farmers Market": 2199.38,
          "Woodstock": 1024.7,
          "LCFM": 837.41,
          "Farm - Friday": 321.89,
          "Cully": 1208.6,
          "Home Delivery - Corvallis": 359.77,
          "Irvington": 424.87,
          "St Johns Farmers Market": 278.45,
          "Salem": 199.47,
          "Beaverton": 346.41,
          "Home Delivery - Eugene/Springfield/Junction City": 5335.81,
          "W 11th": 1528.73,
          "Springfield": 382.16,
          "Friendly": 1364.88,
          "Farm - Tuesday": 744.7
        }
      }
    },
    {
      "dateRange": "2024-10-21 to 2024-10-27",
      "data": {
        "totalSales": "13328.73",
        "numOrders": 135,
        "numSubscriberOrders": 133,
        "numGuestOrders": 2,
        "averageItemsPerOrder": 10,
        "averageOrderAmount": "100.29",
        "totalActiveSubscribers": 232,
        "projectedMonthlySubscriptionRevenue": 54116,
        "vendors": {
          "Grazier's Garden": 1672.96,
          "Deck Family Farm": 5240.35,
          "Deck Family Farm's Hyland Artisinal Meats": 617.24,
          "Red Tail Growers": 1291.48,
          "Elegant Elephant Baking Co.": 100.14,
          "Full Farm CSA": 712.99,
          "Small is Beautiful Farm": 233.06,
          "Creamy Cow, LLC": 2018.56,
          "Camas Swale Farm": 335.21,
          "Little Wings": 325.7,
          "OGC": 224.82,
          "Radiant Coffee Roasters": 175.56,
          "River Ranch Oregon Olive OIl": 68.11,
          "Barrett Baking": 63.84,
          "RL Plants": 5.32,
          "Spoiled Rotten Vinegar": 10.64,
          "Sweet Creek": 52.25,
          "Reality Kitchen Nonprofit": 36.34,
          "My Brothers Farm": 29.3,
          "Camas Country Mill": 80.72,
          "Lonesome Whistle": 4.43,
          "Creole Me Up": 12.15,
          "Queen of Hearts Superfood": 17.56
        },
        "category": {
          "Organic Vegetables - Tomatoes": 350.85,
          "Grass-fed Beef": 1736.05,
          "Sausages & Cured Meats": 1188.45,
          "Organic Vegetables - Roots": 387.95,
          "Organic Vegetables - Leafy Greens": 546.72,
          "Organic Vegetables - Peppers": 217.28,
          "Dry Goods": 712.59,
          "Organic Fruit": 346.9,
          "Pasture-raised Poultry": 582.26,
          "Organic Vegetables - Squash": 489.2,
          "Home Goods": 195.71,
          "Organic Eggs": 862.31,
          "Raw Dairy (Unpasteurized)": 2018.56,
          "Organic Vegetables - Onions/Garlic": 430.57,
          "Organs/Lard/Bones": 41.53,
          "Organic Vegetables - Herbs": 199.07,
          "Organic Vegetables - Other": 265.84,
          "Spring Lamb": 550.69,
          "Organic Vegetables - Potatoes": 203.48,
          "Organic Vegetables - Mushrooms": 224.82,
          "Organic Vegetables - Broccoli/Cauliflower/Cabbage": 369.95,
          "Pasture-raised Pork": 429.87,
          "Events": 600,
          "Organ Meat & Lard": 104.08,
          "Thanksgiving Turkeys": 234,
          "Uncategorized": 40
        },
        "product": {
          "Raw Fresh Whole Milk": 1098,
          "Organic Pasture Raised Chicken Eggs": 862.31,
          "Deck Family Farm's Fall Farm-to-Table Celebration": 600,
          "Ground Beef": 494.15,
          "Raw A2/A2 Milk": 342,
          "*Sale 10% Off!* Lamb Chops": 316.8,
          "Beef Chuck Roast": 229.44,
          "Autumn Frost Butternut Squash": 197.16,
          "Bone-In Chicken Breast": 188.32,
          "Nantes Carrots": 185.9,
          "*Sale* Stewing Hens, 2 for $20": 160,
          "*New* Bulk Thai Curry Sausage (Sai Ua)": 150.72,
          "Beef Tenderloin": 146.93,
          "Cut Flower Bouquet": 146.3,
          "Pork Shoulder Roast": 137.64,
          "Sungold Tomatoes": 133,
          "Delicata Squash": 132.3,
          "Shiitake Mushrooms": 130.32,
          "Broccolini": 129.85,
          "Raw Fresh Sweet Cream": 129.25
        },
        "dropsite": {
          "Woodstock": 576.73,
          "LCFM": 717.53,
          "St Johns Farmers Market": 301.99,
          "Cully": 646.82,
          "Hollywood Farmers Market": 1316.62,
          "Farm - Friday": 171.25,
          "Irvington": 677.57,
          "PSU Farmers Market": 390.89,
          "Corvallis": 102.25,
          "Beaverton": 190.54,
          "Home Delivery - Eugene/Springfield/Junction City": 5051.58,
          "Farm - Tuesday": 1176.47,
          "Springfield": 290.59,
          "W 11th": 748.23,
          "Friendly": 829.21,
          "Home Delivery - Corvallis": 64.36,
          "Zafar Residence": 76.1
        }
      }
    },
    {
      "dateRange": "2024-10-28 to 2024-11-03",
      "data": {
        "totalSales": "16051.07",
        "numOrders": 148,
        "numSubscriberOrders": 144,
        "numGuestOrders": 4,
        "averageItemsPerOrder": 10,
        "averageOrderAmount": "109.94",
        "totalActiveSubscribers": 240,
        "projectedMonthlySubscriptionRevenue": 56966,
        "vendors": {
          "Full Farm CSA": 173.98,
          "Red Tail Growers": 1552,
          "Grazier's Garden": 1725.94,
          "Little Wings": 170.86,
          "Camas Swale Farm": 386.09,
          "Deck Family Farm": 6990.48,
          "Creamy Cow, LLC": 2826.19,
          "Radiant Coffee Roasters": 234.08,
          "Camas Country Mill": 154.54,
          "Deck Family Farm's Hyland Artisinal Meats": 819.6,
          "Reality Kitchen Nonprofit": 82.29,
          "Small is Beautiful Farm": 104.61,
          "OGC": 267.44,
          "Elegant Elephant Baking Co.": 194.65,
          "Sweet Creek": 76.42,
          "My Brothers Farm": 23.22,
          "River Ranch Oregon Olive OIl": 125.3,
          "RL Plants": 10.64,
          "Creole Me Up": 42.31,
          "Spoiled Rotten Vinegar": 29.26,
          "Lonesome Whistle": 18.61,
          "Barrett Baking": 42.56
        },
        "category": {
          "Organic Fruit": 384.54,
          "Organic Vegetables - Roots": 397.18,
          "Organic Vegetables - Tomatoes": 318.86,
          "Organic Vegetables - Leafy Greens": 655.75,
          "Organic Vegetables - Herbs": 149.08,
          "Organic Vegetables - Broccoli/Cauliflower/Cabbage": 611.44,
          "Spring Lamb": 402.1,
          "Raw Dairy (Unpasteurized)": 2826.19,
          "Dry Goods": 1269.89,
          "Organic Vegetables - Potatoes": 291.15,
          "Organic Vegetables - Onions/Garlic": 356.01,
          "Sausages & Cured Meats": 1532.16,
          "Grass-fed Beef": 1940.81,
          "Organic Vegetables - Other": 173.31,
          "Organic Vegetables - Squash": 400.17,
          "Organic Eggs": 1023.59,
          "Organ Meat & Lard": 91.07,
          "Pasture-raised Pork": 444.46,
          "Pasture-raised Poultry": 1095.07,
          "Organic Vegetables - Mushrooms": 267.44,
          "Pasture Raised Poultry": 90.36,
          "Pasture Raised Pork": 42.14,
          "Thanksgiving Turkeys": 918,
          "Organic Vegetables - Peppers": 249.96,
          "Home Goods": 93.15,
          "Organic Vegetables  - Broccoli/Cauliflower/Cabbage": 17.94,
          "Uncategorized": 9.25
        },
        "product": {
          "Raw Fresh Whole Milk": 1292,
          "Organic Pasture Raised Chicken Eggs": 1023.59,
          "Bronze Heritage Thanksgiving Turkeys, Large": 576,
          "Raw A2/A2 Milk": 532,
          "Ground Beef": 525.96,
          "*Sale* Stewing Hens, 2 for $20": 340,
          "Bone-In Chicken Breast": 332.29,
          "Raw Sweet Cream Butter": 271.32,
          "Live Culture Yogurt": 260.68,
          "Nantes Carrots": 240.7,
          "Honey, Raw": 230.32,
          "*New* Bulk Thai Curry Sausage (Sai Ua)": 227.53,
          "Raw Cultured Butter": 223.44,
          "Broad Breasted White Thanksgiving Turkeys, Medium": 216,
          "New York Steak": 215.3,
          "CRX Roasting Chicken": 200.22,
          "*Sale 50% Off!* Beef Bones": 179.5,
          "Raw Fresh Sweet Cream": 176.25,
          "Autumn Frost Butternut Squash": 172.15,
          "Top Sirloin Steak": 169.56
        },
        "dropsite": {
          "Woodstock": 1016.76,
          "Hollywood Farmers Market": 2115.44,
          "PSU Farmers Market": 1671.74,
          "Salem": 121.93,
          "St Johns Farmers Market": 922.2,
          "Irvington": 488.37,
          "Home Delivery - Corvallis": 426.4,
          "LCFM": 598.96,
          "Corvallis": 112.73,
          "Cully": 747.74,
          "Farm - Friday": 339.78,
          "Beaverton": 414.61,
          "W 11th": 965.27,
          "Springfield": 529.36,
          "Home Delivery - Eugene/Springfield/Junction City": 4093.33,
          "Friendly": 918.82,
          "Farm - Tuesday": 567.63
        }
      }
    },
    {
      "dateRange": "2024-11-04 to 2024-11-10",
      "data": {
        "totalSales": "16793.56",
        "numOrders": 166,
        "numSubscriberOrders": 155,
        "numGuestOrders": 11,
        "averageItemsPerOrder": 9,
        "averageOrderAmount": "102.61",
        "totalActiveSubscribers": 242,
        "projectedMonthlySubscriptionRevenue": 57266,
        "vendors": {
          "Creamy Cow, LLC": 2510.1,
          "Red Tail Growers": 1438.56,
          "Camas Country Mill": 122.15,
          "Grazier's Garden": 1569.09,
          "Full Farm CSA": 508.64,
          "Deck Family Farm": 8259.69,
          "Reality Kitchen Nonprofit": 112.37,
          "Camas Swale Farm": 416.89,
          "OGC": 294.23,
          "Deck Family Farm's Hyland Artisinal Meats": 669.08,
          "Sweet Creek": 56.61,
          "Little Wings": 123.22,
          "Radiant Coffee Roasters": 263.34,
          "River Ranch Oregon Olive OIl": 35.93,
          "Small is Beautiful Farm": 64.3,
          "Elegant Elephant Baking Co.": 158.64,
          "RL Plants": 22.61,
          "My Brothers Farm": 92.88,
          "Spoiled Rotten Vinegar": 19.95,
          "Creole Me Up": 55.28
        },
        "category": {
          "Raw Dairy (Unpasteurized)": 2510.1,
          "Organic Vegetables - Roots": 463.73,
          "Organic Vegetables - Leafy Greens": 650.12,
          "Dry Goods": 1092.03,
          "Organic Vegetables - Peppers": 228.48,
          "Organic Fruit": 502.4,
          "Organic Vegetables - Broccoli/Cauliflower/Cabbage": 342.87,
          "Pasture-raised Poultry": 922.73,
          "Grass-fed Beef": 2505.62,
          "Spring Lamb": 462.84,
          "Organic Vegetables - Mushrooms": 294.23,
          "Organic Vegetables - Other": 190.4,
          "Sausages & Cured Meats": 1382.18,
          "Pasture-raised Pork": 580.37,
          "Organic Vegetables - Onions/Garlic": 415.87,
          "Organic Vegetables - Squash": 363.99,
          "Organic Vegetables - Herbs": 108.36,
          "Organic Vegetables - Tomatoes": 287.88,
          "Organic Vegetables - Potatoes": 325.99,
          "Organic Eggs": 1089.79,
          "Home Goods": 63.89,
          "Organ Meat & Lard": 65.05,
          "Thanksgiving Turkeys": 1562,
          "Pasture Raised Poultry": 66.78,
          "Pasture Raised Pork": 62.22,
          "Organs/Lard/Bones": 29.62,
          "Uncategorized": 70.44,
          "Events": 150,
          "Organic Vegetables  - Broccoli/Cauliflower/Cabbage": 3.58
        },
        "product": {
          "Raw Fresh Whole Milk": 1116,
          "Organic Pasture Raised Chicken Eggs": 1089.79,
          "Ground Beef": 688.77,
          "Bronze Heritage Thanksgiving Turkeys, Large": 608,
          "Bronze Heritage Thanksgiving Turkeys, Medium": 504,
          "Bone-In Chicken Breast": 429.18,
          "Raw A2/A2 Milk": 380,
          "Ribeye Steak": 352.33,
          "Broad Breasted White Thanksgiving Turkeys, Medium": 324,
          "*Sale* Stewing Hens, 2 for $20": 320,
          "New York Steak": 272.58,
          "Ground Pork": 248.71,
          "Nantes Carrots": 236.84,
          "Beef Chuck Roast": 233.87,
          "Pork Tenderloin Roast": 221.16,
          "Honey, Raw": 199.57,
          "Live Culture Yogurt": 194.18,
          "Raw Fresh Sweet Cream": 176.25,
          "Frozen Blueberries": 172.26,
          "Beef Stew Meat": 171.73
        },
        "dropsite": {
          "Cully": 680.56,
          "Woodstock": 737.63,
          "Farm - Friday": 1105.18,
          "Corvallis": 181.17,
          "Irvington": 816.22,
          "PSU Farmers Market": 866.63,
          "Hollywood Farmers Market": 1736.49,
          "Beaverton": 305.71,
          "St Johns Farmers Market": 519.15,
          "Home Delivery - Corvallis": 275.45,
          "LCFM": 701.96,
          "W 11th": 1061.52,
          "Home Delivery - Eugene/Springfield/Junction City": 5523.96,
          "Friendly": 856.97,
          "Farm - Tuesday": 1186.93,
          "Springfield": 238.03
        }
      }
    },
    {
      "dateRange": "2024-11-11 to 2024-11-17",
      "data": {
        "totalSales": "15239.08",
        "numOrders": 154,
        "numSubscriberOrders": 150,
        "numGuestOrders": 4,
        "averageItemsPerOrder": 9,
        "averageOrderAmount": "100.19",
        "totalActiveSubscribers": 245,
        "projectedMonthlySubscriptionRevenue": 58166,
        "vendors": {
          "Elegant Elephant Baking Co.": 89.46,
          "Grazier's Garden": 1118.05,
          "Red Tail Growers": 1304.81,
          "Camas Swale Farm": 532.87,
          "Deck Family Farm": 7267.54,
          "Radiant Coffee Roasters": 176.66,
          "Creamy Cow, LLC": 2715.39,
          "OGC": 326.41,
          "My Brothers Farm": 59.7,
          "Creole Me Up": 36.9,
          "Reality Kitchen Nonprofit": 118,
          "Full Farm CSA": 246.21,
          "Camas Country Mill": 256.94,
          "Small is Beautiful Farm": 162.42,
          "Deck Family Farm's Hyland Artisinal Meats": 496.56,
          "Spoiled Rotten Vinegar": 50.54,
          "Kiko Denzer": 170.24,
          "River Ranch Oregon Olive OIl": 58.53,
          "Lonesome Whistle": 26.58,
          "RL Plants": 25.27
        },
        "category": {
          "Dry Goods": 1425.89,
          "Organic Vegetables - Potatoes": 270.17,
          "Organic Vegetables - Onions/Garlic": 360.59,
          "Organic Vegetables - Roots": 530.6,
          "Organic Eggs": 1035.84,
          "Organic Vegetables - Leafy Greens": 569.09,
          "Organic Vegetables - Other": 97.08,
          "Organic Vegetables - Squash": 383.81,
          "Pasture-raised Pork": 873.4,
          "Raw Dairy (Unpasteurized)": 2715.39,
          "Organic Vegetables - Herbs": 191.51,
          "Grass-fed Beef": 2228.12,
          "Pasture-raised Poultry": 751.37,
          "Organic Vegetables - Mushrooms": 326.41,
          "Spring Lamb": 504.24,
          "Organic Vegetables - Peppers": 288.01,
          "Pasture Raised Poultry": 28.48,
          "Sausages & Cured Meats": 1199.1,
          "Organic Vegetables - Broccoli/Cauliflower/Cabbage": 82.77,
          "Organic Vegetables  - Broccoli/Cauliflower/Cabbage": 3.58,
          "Thanksgiving Turkeys": 752,
          "Organic Fruit": 229.68,
          "Home Goods": 242.06,
          "Organic Vegetables - Tomatoes": 110.86,
          "Organ Meat & Lard": 39.03
        },
        "product": {
          "Raw Fresh Whole Milk": 1294,
          "Organic Pasture Raised Chicken Eggs": 1035.84,
          "Ground Beef": 500.81,
          "Raw A2/A2 Milk": 418,
          "*Back in Stock!* Boneless Pork Chop": 408.48,
          "Broad Breasted White Thanksgiving Turkeys, Large": 392,
          "Bone-In Chicken Breast": 376.64,
          "Honey, Raw": 352.52,
          "Top Sirloin Steak": 310.86,
          "Raw Sweet Cream Butter": 303.24,
          "*Back in Stock!* Pork Shoulder Roast": 279.72,
          "Beef Chuck Roast": 267.68,
          "*Sale* Stewing Hens, 2 for $20": 220,
          "Broad Breasted White Thanksgiving Turkeys, Medium": 216,
          "Baby Carrots": 215.18,
          "Lamb Chops": 206.22,
          "Beef Stew Meat": 189.8,
          "Short Ribs": 176.12,
          "Shiitake Mushrooms": 174.16,
          "*Stuffing Sale! 15% Off* 1 lb. Ground Pork + 1 pack Country Sausage": 167.92
        },
        "dropsite": {
          "St Johns Farmers Market": 441.28,
          "Hollywood Farmers Market": 1788.81,
          "PSU Farmers Market": 1093.61,
          "LCFM": 923.87,
          "Cully": 847.38,
          "Farm - Friday": 534.21,
          "Woodstock": 831.09,
          "Corvallis": 286.33,
          "Irvington": 953.37,
          "Home Delivery - Corvallis": 502.03,
          "Home Delivery - Eugene/Springfield/Junction City": 4649.71,
          "Friendly": 550.82,
          "W 11th": 773.99,
          "Farm - Tuesday": 617.49,
          "Springfield": 274.9,
          "Beaverton": 170.19
        }
      }
    },
    {
      "dateRange": "2024-11-18 to 2024-11-24",
      "data": {
        "totalSales": "16049.54",
        "numOrders": 159,
        "numSubscriberOrders": 154,
        "numGuestOrders": 5,
        "averageItemsPerOrder": 9,
        "averageOrderAmount": "102.32",
        "totalActiveSubscribers": 247,
        "projectedMonthlySubscriptionRevenue": 58566,
        "vendors": {
          "Full Farm CSA": 39.32,
          "Camas Country Mill": 288.48,
          "Sweet Creek": 188.59,
          "Red Tail Growers": 1367.62,
          "Grazier's Garden": 1020.9,
          "Small is Beautiful Farm": 273.44,
          "Deck Family Farm's Hyland Artisinal Meats": 543.21,
          "Deck Family Farm": 7891.67,
          "Creamy Cow, LLC": 2933.22,
          "Reality Kitchen Nonprofit": 134.59,
          "Camas Swale Farm": 554.58,
          "Radiant Coffee Roasters": 146.3,
          "OGC": 299.84,
          "Elegant Elephant Baking Co.": 144.23,
          "My Brothers Farm": 60.8,
          "Lonesome Whistle": 52.05,
          "RL Plants": 26.6,
          "River Ranch Oregon Olive OIl": 50.67,
          "Creole Me Up": 12.15,
          "Spoiled Rotten Vinegar": 21.28
        },
        "category": {
          "Dry Goods": 1372.09,
          "Organic Vegetables - Onions/Garlic": 553.5,
          "Organic Vegetables - Potatoes": 313.77,
          "Organic Fruit": 213.44,
          "Organic Vegetables - Squash": 299.69,
          "Organic Vegetables - Leafy Greens": 494.84,
          "Sausages & Cured Meats": 1589.83,
          "Pasture-raised Poultry": 794.56,
          "Raw Dairy (Unpasteurized)": 2933.22,
          "Organic Vegetables - Roots": 564.54,
          "Organic Vegetables - Herbs": 291.52,
          "Organic Vegetables - Other": 115.4,
          "Pasture-raised Pork": 622.03,
          "Organic Vegetables - Peppers": 161.34,
          "Grass-fed Beef": 2155.87,
          "Spring Lamb": 277.24,
          "Organic Eggs": 1331.71,
          "Organic Vegetables - Mushrooms": 299.84,
          "Organic Vegetables - Broccoli/Cauliflower/Cabbage": 95.32,
          "Organic Vegetables - Tomatoes": 113.18,
          "Thanksgiving Turkeys": 1336,
          "Organ Meat & Lard": 26.02,
          "Home Goods": 33.3,
          "Uncategorized": 21.47,
          "Pasture Raised Poultry": 20,
          "Pasture Raised Pork": 19.82
        },
        "product": {
          "Raw Fresh Whole Milk": 1438,
          "Organic Pasture Raised Chicken Eggs": 1331.71,
          "Ground Beef": 710.16,
          "Broad Breasted White Thanksgiving Turkeys, Medium": 552,
          "Raw A2/A2 Milk": 532,
          "Broad Breasted White Thanksgiving Turkeys, Large": 518,
          "*Sale* Stewing Hens, 2 for $20": 380,
          "Boneless Pork Chop": 339.5,
          "Baby Carrots": 300.79,
          "Bone-In Chicken Breast": 282.48,
          "Beef Chuck Roast": 272.11,
          "Raw Sweet Cream Butter": 271.32,
          "Raw Fresh Sweet Cream": 270.25,
          "Bronze Heritage Thanksgiving Turkeys, Medium": 266,
          "Honey, Raw": 261.8,
          "New York Steak": 233.64,
          "*Stuffing Sale! 15% Off* 1 lb. Ground Pork + 1 pack Country Sausage": 230.89,
          "Peppered Knife Cut Beef Jerky": 201.9,
          "Pinto Gold Potatoes": 175.45,
          "Beef Stew Meat": 175.2
        },
        "dropsite": {
          "Beaverton": 339.24,
          "Hollywood Farmers Market": 2776.47,
          "PSU Farmers Market": 1387.97,
          "Woodstock": 839.18,
          "LCFM": 1116.71,
          "St Johns Farmers Market": 489.73,
          "Farm - Friday": 215.82,
          "Irvington": 435.05,
          "Cully": 999.29,
          "Home Delivery - Corvallis": 386.83,
          "Salem": 88.02,
          "Home Delivery - Eugene/Springfield/Junction City": 4599.34,
          "W 11th": 666.28,
          "Springfield": 336.74,
          "Farm - Tuesday": 525.88,
          "Corvallis": 105.45,
          "Friendly": 741.54
        }
      }
    },
    {
      "dateRange": "2024-11-25 to 2024-12-01",
      "data": {
        "totalSales": "12665.78",
        "numOrders": 121,
        "numSubscriberOrders": 119,
        "numGuestOrders": 2,
        "averageItemsPerOrder": 9,
        "averageOrderAmount": "106.74",
        "totalActiveSubscribers": 244,
        "projectedMonthlySubscriptionRevenue": 57666,
        "vendors": {
          "Deck Family Farm": 5868.33,
          "Grazier's Garden": 828.81,
          "Camas Swale Farm": 912.28,
          "OGC": 257.04,
          "Red Tail Growers": 792.41,
          "Creamy Cow, LLC": 2242.44,
          "Small is Beautiful Farm": 245,
          "RL Plants": 21.28,
          "Sweet Creek": 145.41,
          "Deck Family Farm's Hyland Artisinal Meats": 525.3,
          "Radiant Coffee Roasters": 73.15,
          "Elegant Elephant Baking Co.": 217.53,
          "Reality Kitchen Nonprofit": 105.97,
          "Camas Country Mill": 208.84,
          "Full Farm CSA": 42.44,
          "Creole Me Up": 23.42,
          "Lonesome Whistle": 37.96,
          "River Ranch Oregon Olive OIl": 45.49,
          "My Brothers Farm": 60.8,
          "Kiko Denzer": 11.88
        },
        "category": {
          "Uncategorized": 52.82,
          "Dry Goods": 1176.26,
          "Organic Vegetables - Onions/Garlic": 422.78,
          "Organs/Lard/Bones": 32.28,
          "Organic Eggs": 785.57,
          "Organic Vegetables - Roots": 439.02,
          "Organic Vegetables - Leafy Greens": 385.24,
          "Organic Vegetables - Mushrooms": 257.04,
          "Organic Vegetables - Broccoli/Cauliflower/Cabbage": 524.91,
          "Grass-fed Beef": 2566.35,
          "Spring Lamb": 198.86,
          "Organic Vegetables - Herbs": 107.5,
          "Raw Dairy (Unpasteurized)": 2242.44,
          "Organic Fruit": 193.5,
          "Home Goods": 39.86,
          "Sausages & Cured Meats": 1140.47,
          "Organic Vegetables - Tomatoes": 31.16,
          "Organic Vegetables - Squash": 282.2,
          "Organic Vegetables - Peppers": 95.92,
          "Pasture-raised Poultry": 726.33,
          "Pasture-raised Pork": 376.46,
          "Organic Vegetables - Other": 88.4,
          "Organ Meat & Lard": 67.29,
          "Organic Vegetables - Potatoes": 190.79,
          "Pasture Raised Poultry": 26.27,
          "Pasture Raised Pork": 209.62,
          "Organic Vegetables  - Broccoli/Cauliflower/Cabbage": 6.44
        },
        "product": {
          "Raw Fresh Whole Milk": 1114,
          "*Sale 3 lbs. Ground Beef* Buy 3, Save $2 per lb.": 805.98,
          "Organic Pasture Raised Chicken Eggs": 785.57,
          "Beef Tenderloin": 466.65,
          "Raw A2/A2 Milk": 437,
          "Bone-In Chicken Breast": 402.91,
          "Brussel Sprouts on the stalk": 323.38,
          "*Sale* Stewing Hens, 2 for $20": 220,
          "Honey, Raw": 219.31,
          "Pet Food Organ Mix": 216.71,
          "Ground Beef - Organic": 209.82,
          "Raw Sweet Cream Butter": 207.48,
          "Raw Fresh Sweet Cream": 188,
          "Baby Carrots": 181.79,
          "Purple Sprouting Broccoli": 162.37,
          "Honey Maple Ham, Ends & Pieces": 161.4,
          "Shiitake Mushrooms": 152.04,
          "Sweet Italian Sausage Links": 148.1,
          "Pinto Gold Potatoes": 143.55,
          "Beef Flat Iron Steak": 142.08
        },
        "dropsite": {
          "Woodstock": 520.23,
          "St Johns Farmers Market": 463.94,
          "Hollywood Farmers Market": 599.45,
          "Beaverton": 252.17,
          "LCFM": 288.44,
          "Irvington": 404.3,
          "Cully": 240.35,
          "W 11th": 736.11,
          "Home Delivery - Eugene/Springfield/Junction City": 6714.45,
          "Friendly": 1158.27,
          "Farm - Tuesday": 658.27,
          "PSU Farmers Market": 134.36,
          "Farm - Friday": 81.68,
          "Springfield": 413.76
        }
      }
    },
    {
      "dateRange": "2024-12-02 to 2024-12-08",
      "data": {
        "totalSales": "12558.25",
        "numOrders": 137,
        "numSubscriberOrders": 135,
        "numGuestOrders": 2,
        "averageItemsPerOrder": 7,
        "averageOrderAmount": "93.05",
        "totalActiveSubscribers": 243,
        "projectedMonthlySubscriptionRevenue": 57266,
        "vendors": {
          "Camas Swale Farm": 837.94,
          "Red Tail Growers": 429.72,
          "Small is Beautiful Farm": 150.82,
          "Deck Family Farm": 6647.9,
          "Creamy Cow, LLC": 2569.3,
          "Grazier's Garden": 418.64,
          "Deck Family Farm's Hyland Artisinal Meats": 398.3,
          "OGC": 283.11,
          "River Ranch Oregon Olive OIl": 73.7,
          "Reality Kitchen Nonprofit": 110.54,
          "Lonesome Whistle": 71.9,
          "Sweet Creek": 104.55,
          "Camas Country Mill": 192.36,
          "Elegant Elephant Baking Co.": 130.81,
          "Creole Me Up": 11.27,
          "Full Farm CSA": 75.52,
          "Spoiled Rotten Vinegar": 9.31,
          "My Brothers Farm": 42.56
        },
        "category": {
          "Organic Vegetables - Roots": 302.01,
          "Organic Fruit": 111.82,
          "Organic Eggs": 1053.87,
          "Raw Dairy (Unpasteurized)": 2569.3,
          "Organic Vegetables - Onions/Garlic": 405.14,
          "Sausages & Cured Meats": 1129.19,
          "Grass-fed Beef": 2850.69,
          "Organic Vegetables - Mushrooms": 283.11,
          "Organic Vegetables - Broccoli/Cauliflower/Cabbage": 391.28,
          "Organic Vegetables - Leafy Greens": 407.1,
          "Organs/Lard/Bones": 45.29,
          "Pasture-raised Pork": 552,
          "Organic Vegetables - Other": 2.86,
          "Home Goods": 73.7,
          "Dry Goods": 871.12,
          "Organic Vegetables - Herbs": 36.33,
          "Pasture-raised Poultry": 877.49,
          "Organic Vegetables - Peppers": 65.6,
          "Spring Lamb": 357.11,
          "Organ Meat & Lard": 39.02,
          "Organic Vegetables - Squash": 89.04,
          "Organic Vegetables - Tomatoes": 15.3,
          "Uncategorized": 29.88
        },
        "product": {
          "Raw Fresh Whole Milk": 1252,
          "*Sale 3 lbs. Ground Beef* Buy 3, Save $2 per lb.": 1128.33,
          "Organic Pasture Raised Chicken Eggs": 1053.87,
          "Raw A2/A2 Milk": 513,
          "Bone-In Chicken Breast": 306.02,
          "Chicken Hindquarter": 274.5,
          "Raw Sweet Cream Butter": 271.32,
          "Purple Sprouting Broccoli": 251.91,
          "Boneless Pork Chop": 248.64,
          "Beef Tenderloin": 217.95,
          "Rainbow Carrots": 170.85,
          "Ground Beef - Organic": 169.47,
          "Ribeye Steak": 160.15,
          "Red Ranger Roasting Chicken": 157,
          "Raw Fresh Sweet Cream": 152.75,
          "Sweet Italian Sausage Links": 148.1,
          "Shiitake Mushrooms": 146.61,
          "*Back in Stock!* Deck Family Farm x Olympia Provisions Saucisson D'Arles Salami": 145.35,
          "Crimini Mushrooms": 136.5,
          "New York Steak": 136.29
        },
        "dropsite": {
          "Corvallis": 90.68,
          "PSU Farmers Market": 400.47,
          "Cully": 578.78,
          "Hollywood Farmers Market": 1822.7,
          "Woodstock": 921.01,
          "LCFM": 686,
          "Irvington": 704.55,
          "Farm - Friday": 603.71,
          "St Johns Winter Drop": 388.34,
          "Home Delivery - Eugene/Springfield/Junction City": 3755.52,
          "W 11th": 835.33,
          "Farm - Tuesday": 504.62,
          "Home Delivery - Corvallis": 219,
          "Springfield": 151.67,
          "Friendly": 715.56,
          "Beaverton": 180.31
        }
      }
    },
    {
      "dateRange": "2024-12-09 to 2024-12-15",
      "data": {
        "totalSales": "14604.85",
        "numOrders": 154,
        "numSubscriberOrders": 150,
        "numGuestOrders": 4,
        "averageItemsPerOrder": 8,
        "averageOrderAmount": "96.59",
        "totalActiveSubscribers": 242,
        "projectedMonthlySubscriptionRevenue": 56666,
        "vendors": {
          "Red Tail Growers": 827.62,
          "Deck Family Farm": 6855.39,
          "Grazier's Garden": 312.31,
          "Deck Family Farm's Hyland Artisinal Meats": 753.94,
          "Sweet Creek": 270.86,
          "Full Farm CSA": 682.28,
          "Little Wings": 259.76,
          "Creamy Cow, LLC": 2934.92,
          "OGC": 357.51,
          "Small is Beautiful Farm": 170.68,
          "Lonesome Whistle": 117,
          "River Ranch Oregon Olive OIl": 110.97,
          "Elegant Elephant Baking Co.": 116.51,
          "Radiant Coffee Roasters": 365.75,
          "RL Plants": 15.96,
          "Camas Country Mill": 184.99,
          "My Brothers Farm": 30.4,
          "Spoiled Rotten Vinegar": 58.52,
          "Reality Kitchen Nonprofit": 127.13,
          "Camas Swale Farm": 40.2,
          "Creole Me Up": 12.15
        },
        "category": {
          "Organic Vegetables - Roots": 414.59,
          "Sausages & Cured Meats": 1342.96,
          "Pasture-raised Poultry": 1099.4,
          "Organs/Lard/Bones": 10.76,
          "Organic Vegetables - Broccoli/Cauliflower/Cabbage": 107.86,
          "Dry Goods": 1641.08,
          "Organic Vegetables - Onions/Garlic": 367.15,
          "Organic Eggs": 1218.67,
          "Organic Vegetables - Leafy Greens": 510.35,
          "Grass-fed Beef": 2035.77,
          "Raw Dairy (Unpasteurized)": 2934.92,
          "Organic Vegetables - Mushrooms": 357.51,
          "Organic Fruit": 170.68,
          "Organic Vegetables - Squash": 284.13,
          "Pasture-raised Pork": 610.55,
          "Spring Lamb": 816.62,
          "Organ Meat & Lard": 113.94,
          "Home Goods": 129.51,
          "Organic Vegetables - Herbs": 137,
          "Pasture Raised Poultry": 48.1,
          "Pasture Raised Pork": 39.64,
          "Organic Vegetables - Peppers": 53.46,
          "Organic Vegetables - Potatoes": 150,
          "Organic Vegetables - Tomatoes": 10.2
        },
        "product": {
          "Raw Fresh Whole Milk": 1480,
          "Organic Pasture Raised Chicken Eggs": 1218.67,
          "Beef Chuck Roast": 447.58,
          "Raw A2/A2 Milk": 418,
          "Bone-In Chicken Breast": 355.83,
          "Raw Sweet Cream Butter": 351.12,
          "Ground Beef - Organic": 300.6,
          "CRX Roasting Chicken": 288,
          "Top Sirloin Steak": 282.6,
          "Honey, Raw": 272.92,
          "*Sale 3 lbs. Ground Beef* Buy 3, Save $2 per lb.": 242.97,
          "Boneless Pork Chop": 235,
          "Live Culture Yogurt": 228.76,
          "Pork Shoulder Roast": 199.8,
          "Nantes Carrots": 193.14,
          "Red Ranger Roasting Chicken": 188.4,
          "Lamb Chops 2 Pack": 187.31,
          "Crimini Mushrooms": 183.75,
          "Lamb Shoulder Roast": 176.85,
          "Shiitake Mushrooms": 173.76
        },
        "dropsite": {
          "Home Delivery - Corvallis": 602.97,
          "Hollywood Winter Drop": 1864.32,
          "Farm - Friday": 388.44,
          "Woodstock": 599.5,
          "Cully": 929.51,
          "Corvallis": 227.87,
          "LCFM": 994.83,
          "Irvington": 731.82,
          "PSU Farmers Market": 594.9,
          "St Johns Winter Drop": 267.85,
          "Salem": 202.11,
          "Home Delivery - Eugene/Springfield/Junction City": 4589.34,
          "W 11th": 1062.03,
          "Friendly": 863.11,
          "Farm - Tuesday": 277.68,
          "Springfield": 209.21,
          "Beaverton": 199.36
        }
      }
    },
    {
      "dateRange": "2024-12-16 to 2024-12-22",
      "data": {
        "totalSales": "14261.95",
        "numOrders": 138,
        "numSubscriberOrders": 133,
        "numGuestOrders": 5,
        "averageItemsPerOrder": 8,
        "averageOrderAmount": "104.87",
        "totalActiveSubscribers": 243,
        "projectedMonthlySubscriptionRevenue": 57166,
        "vendors": {
          "Deck Family Farm's Hyland Artisinal Meats": 567.16,
          "Deck Family Farm": 7122.22,
          "OGC": 700.94,
          "Red Tail Growers": 838.97,
          "Small is Beautiful Farm": 204.68,
          "Creamy Cow, LLC": 3282.32,
          "Sweet Creek": 159.46,
          "Elegant Elephant Baking Co.": 274.34,
          "Full Farm CSA": 239.63,
          "Grazier's Garden": 46.41,
          "Reality Kitchen Nonprofit": 153.06,
          "River Ranch Oregon Olive OIl": 90.8,
          "Little Wings": 85.02,
          "Camas Country Mill": 162.83,
          "Creole Me Up": 49.05,
          "Spoiled Rotten Vinegar": 19.95,
          "My Brothers Farm": 66.88,
          "Radiant Coffee Roasters": 160.93,
          "Lonesome Whistle": 37.3
        },
        "category": {
          "Sausages & Cured Meats": 1717.79,
          "Pasture-raised Poultry": 804.4,
          "Organic Vegetables - Leafy Greens": 467.88,
          "Organic Vegetables - Roots": 299.19,
          "Organic Fruit": 325.39,
          "Organic Eggs": 1331.37,
          "Organic Vegetables - Potatoes": 150.97,
          "Organ Meat & Lard": 173.57,
          "Organic Vegetables - Onions/Garlic": 256.74,
          "Spring Lamb": 896.25,
          "Grass-fed Beef": 1862.17,
          "Raw Dairy (Unpasteurized)": 3263.39,
          "Organic Vegetables - Broccoli/Cauliflower/Cabbage": 108.97,
          "Pasture-raised Pork": 423.28,
          "Organic Vegetables - Other": 2.43,
          "Pasture Raised Poultry": 227.61,
          "Organic Vegetables  - Broccoli/Cauliflower/Cabbage": 26.61,
          "Dry Goods": 1344.31,
          "Organic Vegetables - Mushrooms": 215.52,
          "Organic Vegetables - Squash": 158.26,
          "Organs/Lard/Bones": 29.77,
          "Organic Vegetables - Herbs": 60.85,
          "Home Goods": 46.9,
          "Organic Vegetables - Tomatoes": 10.2,
          "Dairy": 18.93,
          "Uncategorized": 39.2
        },
        "product": {
          "Raw Fresh Whole Milk": 1444,
          "Organic Pasture Raised Chicken Eggs": 1331.37,
          "Ground Beef - Organic": 555.34,
          "Raw A2/A2 Milk": 475,
          "CRX Roasting Chicken": 320.33,
          "Beef Chuck Roast": 302.57,
          "Lamb Chops 2 Pack": 293.61,
          "Ground Lamb": 259.25,
          "Red Ranger Roasting Chicken": 258.48,
          "Raw Sweet Cream Butter": 255.36,
          "Chicken Hindquarter": 248.5,
          "Lamb Shoulder Roast": 247.59,
          "Beef Brisket": 247.35,
          "Honey, Raw": 223.17,
          "Boneless Pork Chop": 195.36,
          "Sage and Sea Salt Pork Breakfast Sausage": 190.59,
          "Raw Fresh Sweet Cream": 188,
          "Raw Cultured Butter": 186.2,
          "Beef Flank Steak": 165.76,
          "Smoked Kielbasa Sausage": 164.41
        },
        "dropsite": {
          "Cully": 173.23,
          "PSU Farmers Market": 1374.89,
          "Farm - Friday": 1057.42,
          "Woodstock": 608.49,
          "LCFM": 289.21,
          "St Johns Winter Drop": 327.58,
          "Hollywood Farmers Market": 1291.28,
          "Irvington": 797.6,
          "Home Delivery - Eugene/Springfield/Junction City": 4742.59,
          "W 11th": 1182.24,
          "Friendly": 1105.64,
          "Farm - Tuesday": 741.7,
          "Springfield": 377.67,
          "Corvallis": 34.86,
          "Beaverton": 157.55
        }
      }
    },
    {
      "dateRange": "2024-12-23 to 2024-12-29",
      "data": {
        "totalSales": "0.00",
        "numOrders": 0,
        "numSubscriberOrders": 0,
        "numGuestOrders": 0,
        "averageItemsPerOrder": null,
        "averageOrderAmount": "NaN",
        "totalActiveSubscribers": 243,
        "projectedMonthlySubscriptionRevenue": 57266,
        "vendors": {},
        "category": {},
        "product": {},
        "dropsite": {}
      }
    },
    {
      "dateRange": "2024-12-30 to 2025-01-05",
      "data": {
        "totalSales": "13928.36",
        "numOrders": 140,
        "numSubscriberOrders": 132,
        "numGuestOrders": 8,
        "averageItemsPerOrder": 9,
        "averageOrderAmount": "100.99",
        "totalActiveSubscribers": 247,
        "projectedMonthlySubscriptionRevenue": 57850,
        "vendors": {
          "Deck Family Farm": 7218.11,
          "OGC": 1481.18,
          "Camas Country Mill": 337.91,
          "Creamy Cow, LLC": 2775.9,
          "Deck Family Farm's Hyland Artisinal Meats": 424.59,
          "Full Farm CSA": 721.6,
          "Lone Wolf Ranch": 79.94,
          "Lonesome Whistle": 22.15,
          "Radiant Coffee Roasters": 248.71,
          "Grazier's Garden": 31.92,
          "RL Plants": 13.8,
          "Sweet Creek": 135.84,
          "Elegant Elephant Baking Co.": 156.99,
          "Reality Kitchen Nonprofit": 118.37,
          "Red Tail Growers": 20.36,
          "Creole Me Up": 22.27,
          "My Brothers Farm": 42.56,
          "Spoiled Rotten Vinegar": 10.64,
          "River Ranch Oregon Olive OIl": 65.52
        },
        "category": {
          "Pasture-raised Pork": 858.6,
          "Organic Vegetables - Potatoes": 264.27,
          "Dry Goods": 1445.6,
          "Pasture-raised Poultry": 814.37,
          "Spring Lamb": 482.13,
          "Raw Dairy (Unpasteurized)": 2775.9,
          "Grass-fed Beef": 1426.55,
          "Sausages & Cured Meats": 2156.17,
          "Pasture Raised Pork": 90.63,
          "Organic Fruit": 265.22,
          "Organic Vegetables - Roots": 518.78,
          "Organic Eggs": 1234.89,
          "Organic Vegetables - Mushrooms": 337.53,
          "Organic Vegetables - Broccoli/Cauliflower/Cabbage": 299.27,
          "Organic Vegetables - Leafy Greens": 189.88,
          "Flowers": 7.15,
          "Organic Vegetables  - Broccoli/Cauliflower/Cabbage": 6.87,
          "Uncategorized": 17.76,
          "Organic Vegetables - Squash": 167.09,
          "Home Goods": 35.96,
          "Organic Vegetables - Onions/Garlic": 209.56,
          "Pasture Raised Poultry": 252.42,
          "Organs/Lard/Bones": 56.51,
          "Organ Meat & Lard": 15.25
        },
        "product": {
          "Organic Pasture Raised Chicken Eggs": 1234.89,
          "Raw Fresh Whole Milk": 1118,
          "Ground Beef - Organic": 886.21,
          "Pork Bacon": 560.28,
          "Raw A2/A2 Milk": 494,
          "CRX Roasting Chicken": 394.7,
          "Honey, Raw": 255.18,
          "Ground Pork": 250.23,
          "Raw Sweet Cream Butter": 239.4,
          "Broccoli Rapini": 238.91,
          "Sweet Italian Sausage Links": 222.15,
          "Fresh Garlic Sausage Links": 222.15,
          "Stewing Hen": 217.56,
          "Red Ranger Roasting Chicken": 195.68,
          "Beef Chuck Roast": 195.53,
          "Ground Lamb": 183,
          "Fingerling Potato Medley": 179.27,
          "Boneless Pork Chop": 177.6,
          "Sage and Sea Salt Pork Breakfast Sausage": 175.84,
          "Shiitake Mushrooms": 169.13
        },
        "dropsite": {
          "PSU Farmers Market": 1211.8,
          "Farm - Friday": 589.91,
          "Corvallis": 310.25,
          "Woodstock": 966.72,
          "Cully": 659.59,
          "St Johns Winter Drop": 475.86,
          "Irvington": 612.25,
          "Hollywood Farmers Market": 1515.98,
          "Home Delivery - Corvallis": 364.92,
          "Home Delivery - Eugene/Springfield/Junction City": 4418.88,
          "Beaverton": 370.66,
          "Farm - Tuesday": 447.96,
          "Friendly": 689.57,
          "W 11th": 780.59,
          "Springfield": 513.42
        }
      }
    },
    {
      "dateRange": "2025-01-06 to 2025-01-12",
      "data": {
        "totalSales": "18234.26",
        "numOrders": 171,
        "numSubscriberOrders": 168,
        "numGuestOrders": 3,
        "averageItemsPerOrder": 8,
        "averageOrderAmount": "108.27",
        "totalActiveSubscribers": 252,
        "projectedMonthlySubscriptionRevenue": 58750,
        "vendors": {
          "": 521.17,
          "Full Farm CSA": 307.61,
          "Elegant Elephant Baking Co.": 240.45,
          "Lonesome Whistle": 39.16,
          "Red Tail Growers": 890.55,
          "Deck Family Farm's Hyland Artisinal Meats": 392.27,
          "Deck Family Farm": 9837.35,
          "OGC": 1349.76,
          "Lone Wolf Ranch": 136.12,
          "Camas Country Mill": 382.61,
          "Creamy Cow, LLC": 3096.39,
          "Reality Kitchen Nonprofit": 155.6,
          "Radiant Coffee Roasters": 336.49,
          "Small is Beautiful Farm": 319.6,
          "Sweet Creek": 79.55,
          "River Ranch Oregon Olive OIl": 62.77,
          "Grazier's Garden": 21.28,
          "Spoiled Rotten Vinegar": 41.23,
          "Creole Me Up": 24.3
        },
        "category": {
          "Uncategorized": 521.17,
          "Dry Goods": 1661.76,
          "Organic Vegetables - Onions/Garlic": 398.12,
          "Sausages & Cured Meats": 1789.36,
          "Organic Vegetables - Roots": 588.99,
          "Organic Vegetables - Leafy Greens": 566.78,
          "Organic Vegetables - Mushrooms": 386.46,
          "Organic Vegetables - Squash": 167.58,
          "Pasture-raised Pork": 965.2,
          "Organic Vegetables - Potatoes": 318.54,
          "Grass-fed Beef": 3119.64,
          "Organic Fruit": 501.27,
          "Organic Eggs": 1621.02,
          "Spring Lamb": 922.48,
          "Raw Dairy (Unpasteurized)": 3096.39,
          "Pasture-raised Poultry": 1444.09,
          "Organ Meat & Lard": 43.51,
          "Organs/Lard/Bones": 79,
          "Home Goods": 42.9
        },
        "product": {
          "Organic Pasture Raised Chicken Eggs": 1621.02,
          "Raw Fresh Whole Milk": 1452,
          "Ground Beef - Organic": 581.04,
          "• Ribeyes (6): $194.04 • NY Steaks (6): $123.60 • Chuck Roast (1): $40.35 • Blueberry Maple (2): $32.26 • Bangers (2): $32.26 • Sage & Sea Salt (2): $26.58 • Lamb Shank (1): $36.04 • Lamb Stews (2): $36.04  Total value: $521.17": 521.17,
          "Raw A2/A2 Milk": 456,
          "Chicken Hindquarter": 426.24,
          "Ribeye Steak": 405.72,
          "Beef Brisket": 376.13,
          "Boneless Pork Chop": 375.18,
          "Pork Bacon": 357.21,
          "Braising mix": 350.14,
          "Bone-In Chicken Breast": 331.54,
          "CRX Roasting Chicken": 315.76,
          "Beef Chuck Roast": 289.28,
          "Raw Sweet Cream Butter": 287.28,
          "Lamb Kabob": 262.08,
          "Shiitake Mushrooms": 255.21,
          "Honey, Raw": 245.32,
          "Pork Shoulder Roast": 243.46,
          "Top Sirloin Steak": 218.48
        },
        "dropsite": {
          "Farm - Tuesday": 914.51,
          "Cully": 1491.47,
          "PSU Farmers Market": 685,
          "Woodstock": 1585.35,
          "Salem": 305.92,
          "Farm - Friday": 890.3,
          "Home Delivery - Eugene/Springfield/Junction City": 5468.85,
          "Irvington": 1065.89,
          "Hollywood Winter Drop": 1842.03,
          "Home Delivery - Corvallis": 374.3,
          "St Johns Winter Drop": 867.68,
          "Beaverton": 250.97,
          "W 11th": 1036.84,
          "Friendly": 1194.62,
          "Springfield": 260.53
        }
      }
    },
    {
      "dateRange": "2025-01-13 to 2025-01-19",
      "data": {
        "totalSales": "15616.56",
        "numOrders": 151,
        "numSubscriberOrders": 146,
        "numGuestOrders": 5,
        "averageItemsPerOrder": 8,
        "averageOrderAmount": "104.94",
        "totalActiveSubscribers": 255,
        "projectedMonthlySubscriptionRevenue": 59250,
        "vendors": {
          "OGC": 1270.21,
          "Full Farm CSA": 621.92,
          "Radiant Coffee Roasters": 234.08,
          "Lonesome Whistle": 50.37,
          "Reality Kitchen Nonprofit": 169.41,
          "Red Tail Growers": 374.69,
          "Deck Family Farm": 8345.67,
          "Creamy Cow, LLC": 3043.22,
          "Elegant Elephant Baking Co.": 203.54,
          "Small is Beautiful Farm": 357.32,
          "Sweet Creek": 30.55,
          "Camas Country Mill": 231.3,
          "Deck Family Farm's Hyland Artisinal Meats": 373.99,
          "My Brothers Farm": 85.7,
          "River Ranch Oregon Olive OIl": 20.1,
          "Lone Wolf Ranch": 136.12,
          "Spoiled Rotten Vinegar": 21.28,
          "Grazier's Garden": 10.64,
          "Creole Me Up": 36.45
        },
        "category": {
          "Organic Vegetables - Roots": 458.06,
          "Dry Goods": 1387.32,
          "Organic Vegetables - Squash": 186.29,
          "Organic Vegetables - Mushrooms": 381.01,
          "Organic Vegetables - Leafy Greens": 408.88,
          "Organic Fruit": 551.41,
          "Organic Eggs": 1255.87,
          "Raw Dairy (Unpasteurized)": 3043.22,
          "Sausages & Cured Meats": 2057.5,
          "Grass-fed Beef": 2323.12,
          "Organic Vegetables - Potatoes": 267.47,
          "Organic Vegetables - Onions/Garlic": 258.8,
          "Pasture-raised Pork": 967.02,
          "Spring Lamb": 714.51,
          "Organic Vegetables - Broccoli/Cauliflower/Cabbage": 188.89,
          "Pasture-raised Poultry": 831.23,
          "Organ Meat & Lard": 72.04,
          "Home Goods": 20.1,
          "Pasture Raised Pork": 68.7,
          "Organs/Lard/Bones": 67.66,
          "Pasture Raised Poultry": 48.05,
          "Organs/Lard/Bones, Grass-fed Beef": 28.72,
          "Uncategorized": 17.5,
          "Organic Vegetables  - Broccoli/Cauliflower/Cabbage": 3.58,
          "Organic Vegetables - Other": 2.43,
          "Organs/Lard/Bones, Pasture-raised Pork": 7.18
        },
        "product": {
          "Organic Pasture Raised Chicken Eggs": 1255.87,
          "Raw Fresh Whole Milk": 1104,
          "Raw A2/A2 Milk": 627,
          "Ground Beef - Organic": 590.05,
          "Boneless Pork Chop": 461.86,
          "Bone-In Chicken Breast": 397.82,
          "Sage and Sea Salt Pork Breakfast Sausage": 328.75,
          "Ribeye Steak": 293.16,
          "Honey, Raw": 278.06,
          "Live Culture Yogurt": 276.64,
          "New York Steak": 273.71,
          "Ground Lamb": 259.25,
          "Stewing Hen": 253.24,
          "Pork Bacon": 252.91,
          "Peppered Knife Cut Beef Jerky": 215.36,
          "Braising mix": 212.59,
          "Raw Sweet Cream Butter": 207.48,
          "Shiitake Mushrooms": 201.71,
          "Pink Lady Apple": 198,
          "Deck Family Farm x Olympia Provisions Saucisson D'Arles Salami": 188.22
        },
        "dropsite": {
          "Hollywood Farmers Market": 1893.7,
          "Woodstock": 621.68,
          "PSU Farmers Market": 590.18,
          "Cully": 637.12,
          "Corvallis": 297.79,
          "St Johns Winter Drop": 499.34,
          "Home Delivery - Corvallis": 1113.8,
          "Beaverton": 328.72,
          "Farm - Friday": 672.24,
          "Irvington": 653.72,
          "Farm - Tuesday": 683.15,
          "Friendly": 1271.72,
          "Home Delivery - Eugene/Springfield/Junction City": 5219.85,
          "W 11th": 778.67,
          "Springfield": 354.88
        }
      }
    },
    {
      "dateRange": "2025-01-20 to 2025-01-26",
      "data": {
        "totalSales": "12298.25",
        "numOrders": 129,
        "numSubscriberOrders": 125,
        "numGuestOrders": 4,
        "averageItemsPerOrder": 8,
        "averageOrderAmount": "96.73",
        "totalActiveSubscribers": 253,
        "projectedMonthlySubscriptionRevenue": 58700,
        "vendors": {
          "Deck Family Farm": 5847.12,
          "Grazier's Garden": 65.17,
          "Full Farm CSA": 667.4,
          "Red Tail Growers": 38.45,
          "OGC": 803.19,
          "Creamy Cow, LLC": 2552.52,
          "Radiant Coffee Roasters": 234.08,
          "Deck Family Farm's Hyland Artisinal Meats": 722.39,
          "Camas Country Mill": 50.01,
          "My Brothers Farm": 119.98,
          "Sweet Creek": 334.76,
          "Lone Wolf Ranch": 92.96,
          "Sourdough Bliss": 91.76,
          "Reality Kitchen Nonprofit": 89.38,
          "River Ranch Oregon Olive OIl": 102.7,
          "Small is Beautiful Farm": 316.92,
          "Jar Joy Goods": 55.79,
          "Elegant Elephant Baking Co.": 71.09,
          "Lonesome Whistle": 31.94,
          "Spoiled Rotten Vinegar": 10.64
        },
        "category": {
          "Dry Goods": 1221.16,
          "Organs/Lard/Bones, Grass-fed Beef": 43.08,
          "Organic Fruit": 401.1,
          "Organic Eggs": 1001.63,
          "Organic Vegetables - Roots": 320.47,
          "Organic Vegetables - Leafy Greens": 363.01,
          "Organic Vegetables - Mushrooms": 315.33,
          "Raw Dairy (Unpasteurized)": 2552.52,
          "Sausages & Cured Meats": 1928.05,
          "Spring Lamb": 312.03,
          "Grass-fed Beef": 2021.23,
          "Organic Vegetables - Onions/Garlic": 190.62,
          "Organs/Lard/Bones": 10.76,
          "Pasture-raised Poultry": 459.09,
          "Organic Vegetables - Squash": 164.5,
          "Organic Vegetables - Potatoes": 195.56,
          "Pasture-raised Pork": 617.19,
          "Home Goods": 69.19,
          "Organ Meat & Lard": 38.39,
          "Organic Vegetables - Broccoli/Cauliflower/Cabbage": 33.5,
          "Pasture Raised Poultry": 39.84
        },
        "product": {
          "Raw Fresh Whole Milk": 1124,
          "Organic Pasture Raised Chicken Eggs": 1001.63,
          "Ground Beef": 694.49,
          "Raw A2/A2 Milk": 532,
          "Ribeye Steak": 376.74,
          "Chicken Hindquarter": 303.98,
          "Seasonal*   Chorizo Verde": 262.72,
          "New York Steak": 233.64,
          "Pork Bacon": 226.45,
          "Beef Chuck Roast": 221.15,
          "Braising mix": 218.54,
          "Pork Shoulder Roast": 208.68,
          "Peppered Knife Cut Beef Jerky": 205.02,
          "Raw Sweet Cream Butter": 191.52,
          "Shiitake Mushrooms": 168.33,
          "Live Culture Yogurt": 162.26,
          "Beef Brisket": 159.9,
          "Mixed Dried Fruit": 159.6,
          "Ground Pork": 156.12,
          "Crimini Mushrooms": 147
        },
        "dropsite": {
          "Hollywood Winter Drop": 1139.46,
          "PSU Farmers Market": 752.86,
          "Corvallis": 173.96,
          "St Johns Winter Drop": 748.84,
          "Irvington": 597.6,
          "Beaverton": 159.08,
          "Farm - Friday": 792.9,
          "Woodstock": 941.83,
          "Salem": 269.84,
          "Cully": 690.03,
          "Home Delivery - Corvallis": 440.09,
          "Home Delivery - Eugene/Springfield/Junction City": 3254.46,
          "Friendly": 1100.9,
          "Springfield": 225.74,
          "W 11th": 695.68,
          "Farm - Tuesday": 314.98
        }
      }
    },
    {
      "dateRange": "2025-01-27 to 2025-02-02",
      "data": {
        "totalSales": "15595.83",
        "numOrders": 157,
        "numSubscriberOrders": 149,
        "numGuestOrders": 8,
        "averageItemsPerOrder": 7,
        "averageOrderAmount": "100.55",
        "totalActiveSubscribers": 255,
        "projectedMonthlySubscriptionRevenue": 59100,
        "vendors": {
          "Deck Family Farm": 8216.75,
          "Creamy Cow, LLC": 3042.5,
          "Sourdough Bliss": 158.94,
          "Grazier's Garden": 429.59,
          "River Ranch Oregon Olive OIl": 28.07,
          "OGC": 780.63,
          "Full Farm CSA": 580.24,
          "Deck Family Farm's Hyland Artisinal Meats": 650.79,
          "Kiko Denzer": 10.64,
          "Reality Kitchen Nonprofit": 112.32,
          "Camas Country Mill": 163.28,
          "Sweet Creek": 406.94,
          "Elegant Elephant Baking Co.": 137.17,
          "Lone Wolf Ranch": 162.68,
          "Radiant Coffee Roasters": 264.44,
          "Creole Me Up": 24.12,
          "Lonesome Whistle": 25.34,
          "Small is Beautiful Farm": 266,
          "Red Tail Growers": 23.24,
          "My Brothers Farm": 102.84,
          "Spoiled Rotten Vinegar": 9.31
        },
        "category": {
          "Organic Eggs": 1456.79,
          "Raw Dairy (Unpasteurized)": 3042.5,
          "Dry Goods": 1874.58,
          "Sausages & Cured Meats": 1980.3,
          "Grass-fed Beef": 2610.24,
          "Spring Lamb": 488.62,
          "Pasture-raised Pork": 504.78,
          "Organic Fruit": 1031.26,
          "Home Goods": 24.04,
          "Pasture-raised Poultry": 1063.3,
          "Organ Meat & Lard": 72.65,
          "Organic Vegetables - Mushrooms": 288.94,
          "Organic Vegetables - Potatoes": 186.75,
          "Organic Vegetables - Roots": 343.48,
          "Organic Vegetables - Leafy Greens": 206.6,
          "Organic Vegetables - Broccoli/Cauliflower/Cabbage": 56.95,
          "Uncategorized": 11.83,
          "Organs/Lard/Bones": 80,
          "Organic Vegetables - Squash": 95.76,
          "Organs/Lard/Bones, Spring Lamb": 26.64,
          "Organs/Lard/Bones, Grass-fed Beef": 43.08,
          "Pasture Raised Poultry": 39.84,
          "Pasture Raised Pork": 66.9
        },
        "product": {
          "Organic Pasture Raised Chicken Eggs": 1456.79,
          "Raw Fresh Whole Milk": 1312,
          "Ground Beef": 686.89,
          "Raw A2/A2 Milk": 551,
          "Chicken Hindquarter": 517.1,
          "Honey, Raw": 434.4,
          "Frozen Strawberries": 418.95,
          "Stewing Hen": 396.76,
          "Frozen Blueberries": 338.56,
          "Ribeye Steak": 318.78,
          "Live Culture Yogurt": 295.26,
          "Beef Chuck Roast": 293.47,
          "Pork Bacon": 277.83,
          "Raw Sweet Cream Butter": 271.32,
          "Boneless Pork Chop": 266.7,
          "New York Steak": 253.11,
          "Lamb Shoulder Roast": 225.9,
          "Beef Stew Meat": 222.56,
          "Sage and Sea Salt Pork Breakfast Sausage": 213.52,
          "Beef Bones": 190.83
        },
        "dropsite": {
          "PSU Farmers Market": 1589.88,
          "LCFM": 668.44,
          "Hollywood Farmers Market": 1555.08,
          "St Johns Winter Drop": 550.23,
          "Cully": 260.41,
          "Farm - Friday": 386.84,
          "Woodstock": 529.36,
          "Irvington": 668.3,
          "Home Delivery - Corvallis": 281.01,
          "Beaverton": 211.8,
          "Corvallis": 172.82,
          "Home Delivery - Eugene/Springfield/Junction City": 5690.75,
          "W 11th": 836.39,
          "Friendly": 1431,
          "Springfield": 301.14,
          "Farm - Tuesday": 257.36,
          "Salem": 205.02
        }
      }
    },
    {
      "dateRange": "2025-02-03 to 2025-02-09",
      "data": {
        "totalSales": "15001.92",
        "numOrders": 153,
        "numSubscriberOrders": 149,
        "numGuestOrders": 4,
        "averageItemsPerOrder": 7,
        "averageOrderAmount": "99.36",
        "totalActiveSubscribers": 263,
        "projectedMonthlySubscriptionRevenue": 60400,
        "vendors": {
          "Deck Family Farm": 7737.06,
          "Deck Family Farm's Hyland Artisinal Meats": 480.96,
          "OGC": 941.27,
          "Creamy Cow, LLC": 3089.41,
          "Sweet Creek": 279.37,
          "Full Farm CSA": 574.81,
          "Elegant Elephant Baking Co.": 144.62,
          "Camas Country Mill": 101.57,
          "Small is Beautiful Farm": 253.7,
          "Lonesome Whistle": 26.67,
          "Spoiled Rotten Vinegar": 91.77,
          "Lone Wolf Ranch": 130,
          "Radiant Coffee Roasters": 307.23,
          "Sourdough Bliss": 140.32,
          "Reality Kitchen Nonprofit": 141.42,
          "Grazier's Garden": 289.94,
          "My Brothers Farm": 154.26,
          "River Ranch Oregon Olive OIl": 24.68,
          "Kiko Denzer": 42.32,
          "RL Plants": 50.54
        },
        "category": {
          "Grass-fed Beef": 2083.13,
          "Organic Eggs": 1518.04,
          "Pasture-raised Pork": 960.27,
          "Sausages & Cured Meats": 2006.93,
          "Organic Vegetables - Mushrooms": 385.1,
          "Raw Dairy (Unpasteurized)": 3046.36,
          "Dry Goods": 1522.03,
          "Organic Vegetables - Potatoes": 210.62,
          "Spring Lamb": 630.74,
          "Organic Fruit": 874.29,
          "Pasture-raised Poultry": 857.64,
          "Organic Vegetables - Leafy Greens": 196.15,
          "Organic Vegetables - Squash": 103.74,
          "Organic Vegetables - Roots": 331.63,
          "Organ Meat & Lard": 80.54,
          "Organs/Lard/Bones": 15.25,
          "Organic Vegetables - Broccoli/Cauliflower/Cabbage": 43.55,
          "Home Goods": 92.86,
          "Dairy": 43.05
        },
        "product": {
          "Organic Pasture Raised Chicken Eggs": 1518.04,
          "Raw Fresh Whole Milk": 1254,
          "Ground Beef": 864.9,
          "Bone-In Chicken Breast": 697.08,
          "Raw A2/A2 Milk": 608,
          "Ribeye Steak": 441.42,
          "Boneless Pork Chop": 379.62,
          "Pork Bacon": 357.98,
          "Lamb Chops 4 Pack": 349.8,
          "Frozen Blueberries": 319,
          "Ground Pork": 299.23,
          "Frozen Strawberries": 279.3,
          "Sage and Sea Salt Pork Breakfast Sausage": 277.78,
          "Short Ribs": 201.28,
          "Crimini Mushrooms": 195.05,
          "Smoked Kielbasa Sausage": 193.99,
          "Raw Sweet Cream Butter": 191.52,
          "Shiitake Mushrooms": 190.05,
          "Raw Fresh Sweet Cream": 176.25,
          "Korean Beef Short Ribs": 173.16
        },
        "dropsite": {
          "Farm - Friday": 1063.43,
          "Corvallis": 157.49,
          "Cully": 912.94,
          "LCFM": 610.16,
          "Home Delivery - Corvallis": 206.73,
          "Hollywood Winter Drop": 1264.79,
          "Woodstock": 1077.08,
          "Irvington": 850.5,
          "PSU Farmers Market": 570.53,
          "St Johns Winter Drop": 234.05,
          "Beaverton": 356.92,
          "Friendly": 1167.77,
          "Home Delivery - Eugene/Springfield/Junction City": 4664.65,
          "W 11th": 925.17,
          "Springfield": 346.01,
          "Farm - Tuesday": 593.7
        }
      }
    },
    {
      "dateRange": "2025-02-10 to 2025-02-16",
      "data": {
        "totalSales": "16687.39",
        "numOrders": 158,
        "numSubscriberOrders": 156,
        "numGuestOrders": 2,
        "averageItemsPerOrder": 7,
        "averageOrderAmount": "106.76",
        "totalActiveSubscribers": 263,
        "projectedMonthlySubscriptionRevenue": 60600,
        "vendors": {
          "Deck Family Farm": 8752.39,
          "Creamy Cow, LLC": 2862.93,
          "Full Farm CSA": 406.71,
          "OGC": 1255.01,
          "Lone Wolf Ranch": 219.38,
          "Grazier's Garden": 292.6,
          "Camas Country Mill": 578.68,
          "Sweet Creek": 195.7,
          "Elegant Elephant Baking Co.": 276.74,
          "Sourdough Bliss": 188.88,
          "Radiant Coffee Roasters": 277.97,
          "Reality Kitchen Nonprofit": 141.68,
          "Deck Family Farm's Hyland Artisinal Meats": 825.01,
          "Small is Beautiful Farm": 266,
          "RL Plants": 23.94,
          "River Ranch Oregon Olive OIl": 30.37,
          "Lonesome Whistle": 28.53,
          "My Brothers Farm": 34.28,
          "Spoiled Rotten Vinegar": 30.59
        },
        "category": {
          "Sausages & Cured Meats": 2151.94,
          "Raw Dairy (Unpasteurized)": 2862.93,
          "Grass-fed Beef": 2263.71,
          "Organic Vegetables - Squash": 127.68,
          "Organic Vegetables - Roots": 366.26,
          "Organic Vegetables - Leafy Greens": 263.57,
          "Organic Fruit": 699.52,
          "Pasture-raised Poultry": 1605.61,
          "Organic Vegetables - Onions/Garlic": 240.02,
          "Organic Vegetables - Potatoes": 245.36,
          "Dry Goods": 2118.35,
          "Organic Vegetables - Mushrooms": 418.44,
          "Organic Eggs": 1573.39,
          "Pasture-raised Pork": 1000.14,
          "Spring Lamb": 512.39,
          "Home Goods": 30.64,
          "Organs/Lard/Bones, Grass-fed Beef": 9.66,
          "Organic Vegetables - Broccoli/Cauliflower/Cabbage": 33.5,
          "Organ Meat & Lard": 157.02,
          "Organic Vegetables - Other": 2.43,
          "Organs/Lard/Bones, Spring Lamb": 4.83
        },
        "product": {
          "Organic Pasture Raised Chicken Eggs": 1573.39,
          "Raw Fresh Whole Milk": 1304,
          "Ground Beef": 893.08,
          "Bone-In Chicken Breast": 891.25,
          "Raw A2/A2 Milk": 456,
          "Chicken Hindquarter": 412.92,
          "Beef Chuck Roast": 373.2,
          "Ribeye Steak": 345.1,
          "Beef Brisket": 300.06,
          "Honey, Raw": 298.71,
          "Pork Chop, Boneless": 283.32,
          "Pork Bacon": 266.9,
          "Frozen Strawberries": 260.68,
          "Pork Chops, Bone-in": 259.14,
          "Live Culture Yogurt": 250.04,
          "Sage and Sea Salt Pork Breakfast Sausage": 236.47,
          "Shiitake Mushrooms": 234.29,
          "Raw Sweet Cream Butter": 191.52,
          "Crimini Mushrooms": 184.15,
          "Ground Pork": 183
        },
        "dropsite": {
          "PSU Farmers Market": 779.03,
          "Hollywood Farmers Market": 2155.26,
          "LCFM": 592.1,
          "Salem": 520.8,
          "Farm - Friday": 1055.71,
          "Woodstock": 307.99,
          "Home Delivery - Corvallis": 440.68,
          "Cully": 1023.7,
          "Irvington": 526.72,
          "Corvallis": 64.15,
          "St Johns Winter Drop": 310.23,
          "Home Delivery - Eugene/Springfield/Junction City": 5316.04,
          "W 11th": 1307.92,
          "Friendly": 1277.7,
          "Farm - Tuesday": 338.48,
          "Beaverton": 186.6,
          "Springfield": 484.28
        }
      }
    },
    {
      "dateRange": "2025-02-17 to 2025-02-23",
      "data": {
        "totalSales": "15875.24",
        "numOrders": 153,
        "numSubscriberOrders": 151,
        "numGuestOrders": 2,
        "averageItemsPerOrder": 7,
        "averageOrderAmount": "104.81",
        "totalActiveSubscribers": 264,
        "projectedMonthlySubscriptionRevenue": 61000,
        "vendors": {
          "Sourdough Bliss": 204.82,
          "Deck Family Farm": 8465.4,
          "Grazier's Garden": 327.88,
          "OGC": 1213.96,
          "Sweet Creek": 325.08,
          "Radiant Coffee Roasters": 336.49,
          "Creamy Cow, LLC": 2809.31,
          "Lone Wolf Ranch": 209.16,
          "Camas Country Mill": 370.09,
          "My Brothers Farm": 188.54,
          "Reality Kitchen Nonprofit": 188.15,
          "Deck Family Farm's Hyland Artisinal Meats": 599.65,
          "Elegant Elephant Baking Co.": 163.8,
          "River Ranch Oregon Olive OIl": 203.53,
          "RL Plants": 6.65,
          "Small is Beautiful Farm": 140.05,
          "Full Farm CSA": 109.39,
          "Lonesome Whistle": 13.29
        },
        "category": {
          "Dry Goods": 2392.99,
          "Pasture-raised Poultry": 1036.09,
          "Grass-fed Beef": 2857.37,
          "Organic Vegetables - Potatoes": 213.36,
          "Organic Vegetables - Onions/Garlic": 355.57,
          "Sausages & Cured Meats": 1889.29,
          "Organic Eggs": 1527.13,
          "Organic Fruit": 429.91,
          "Organic Vegetables - Roots": 280.26,
          "Organic Vegetables - Leafy Greens": 271.38,
          "Organic Vegetables - Mushrooms": 346.83,
          "Pasture-raised Pork": 886.5,
          "Raw Dairy (Unpasteurized)": 2809.31,
          "Organ Meat & Lard": 154.4,
          "Home Goods": 62.76,
          "Spring Lamb": 275.85,
          "Organs/Lard/Bones": 28.7,
          "Organs/Lard/Bones, Pasture-raised Pork": 4.83,
          "Organic Vegetables - Squash": 47.88,
          "Organs/Lard/Bones, Grass-fed Beef": 4.83
        },
        "product": {
          "Organic Pasture Raised Chicken Eggs, 1 Dozen": 1508.29,
          "Raw Fresh Whole Milk": 1214,
          "Ground Beef": 774.72,
          "Raw A2/A2 Milk": 722,
          "Chicken Hindquarter": 619.38,
          "Frozen Strawberries": 317.24,
          "Pork Bacon": 266.9,
          "Ribeye Steak": 241.57,
          "New York Steak": 232.4,
          "Live Culture Yogurt": 228.76,
          "Raw Honey, 1 pint": 211.23,
          "Beef Flat Iron Steak": 209.9,
          "Peppered Knife Cut Beef Jerky": 197.52,
          "Top Sirloin Steak": 195.06,
          "Bone-In Chicken Breast": 193.75,
          "Raw Sweet Cream Butter": 191.52,
          "White Onion": 189.52,
          "Roasted Hazelnuts 12 oz.": 188.54,
          "Crimini Mushrooms": 178.5,
          "Shiitake Mushrooms": 168.33
        },
        "dropsite": {
          "Farm - Tuesday": 740.08,
          "Irvington": 782.69,
          "PSU Farmers Market": 1505.25,
          "Woodstock": 841.98,
          "Cully": 484.72,
          "Hollywood Winter Drop": 753.76,
          "LCFM": 614.75,
          "St Johns Winter Drop": 351.07,
          "Salem": 678.07,
          "Farm - Friday": 765.16,
          "Home Delivery - Corvallis": 342.99,
          "Springfield": 371.91,
          "W 11th": 1019.86,
          "Home Delivery - Eugene/Springfield/Junction City": 5267,
          "Friendly": 1064.32,
          "Beaverton": 212.99,
          "Corvallis": 78.64
        }
      }
    },
    {
      "dateRange": "2025-02-24 to 2025-03-02",
      "data": {
        "totalSales": "14658.43",
        "numOrders": 148,
        "numSubscriberOrders": 146,
        "numGuestOrders": 2,
        "averageItemsPerOrder": 7,
        "averageOrderAmount": "101.21",
        "totalActiveSubscribers": 263,
        "projectedMonthlySubscriptionRevenue": 60000,
        "vendors": {
          "Creamy Cow, LLC": 2883.59,
          "OGC": 1456.36,
          "Deck Family Farm": 7743.29,
          "River Ranch Oregon Olive OIl": 156.1,
          "Radiant Coffee Roasters": 234.08,
          "Deck Family Farm's Hyland Artisinal Meats": 488.95,
          "Small is Beautiful Farm": 167.98,
          "Sweet Creek": 230.66,
          "Lone Wolf Ranch": 129.74,
          "Elegant Elephant Baking Co.": 224.76,
          "Reality Kitchen Nonprofit": 146.13,
          "Lonesome Whistle": 33.69,
          "Grazier's Garden": 299.25,
          "Full Farm CSA": 11,
          "Camas Country Mill": 283.21,
          "Sourdough Bliss": 74.48,
          "RL Plants": 26.6,
          "My Brothers Farm": 68.56
        },
        "category": {
          "Raw Dairy (Unpasteurized)": 2883.59,
          "Organic Vegetables - Onions/Garlic": 372.98,
          "Sausages & Cured Meats": 1714,
          "Organic Eggs": 1719.01,
          "Grass-fed Beef": 2007.77,
          "Dry Goods": 1863.15,
          "Organic Vegetables - Potatoes": 182.34,
          "Pasture-raised Poultry": 1031.1,
          "Pasture-raised Pork": 797.16,
          "Organic Fruit": 508.84,
          "Organic Vegetables - Herbs": 124.44,
          "Organic Vegetables - Broccoli/Cauliflower/Cabbage": 48.87,
          "Organic Vegetables - Mushrooms": 330.76,
          "Organic Vegetables - Leafy Greens": 137.06,
          "Organ Meat & Lard": 113.94,
          "Organic Vegetables - Roots": 332.04,
          "Home Goods": 46.7,
          "Spring Lamb": 417.8,
          "Organic Vegetables  - Broccoli/Cauliflower/Cabbage": 5.36,
          "Organs/Lard/Bones": 21.52
        },
        "product": {
          "Organic Pasture Raised Chicken Eggs, 1 Dozen": 1712.73,
          "Raw Fresh Whole Milk": 1292,
          "Ground Beef - Organic": 731.68,
          "Raw A2/A2 Milk": 570,
          "Chicken Hindquarter": 421.5,
          "Pork Shoulder Roast, Large": 327.04,
          "Bone-In Chicken Breast": 310,
          "Frozen Strawberries": 288.61,
          "Live Culture Yogurt": 263.34,
          "Raw Honey, 1 quart": 255.66,
          "New York Steak": 232.4,
          "Pork Bacon": 219.8,
          "Catalan Paprika-Rubbed Cheese   6.4-7.4oz": 190.5,
          "Crimini Mushrooms": 183.75,
          "Ground Beef": 172.16,
          "Raw Fresh Sweet Cream": 164.5,
          "Salami d'Ouvrier": 164.22,
          "Raw Sweet Cream Butter": 159.6,
          "Sage and Sea Salt Pork Breakfast Sausage": 153.01,
          "Shiitake Mushrooms": 147.01
        },
        "dropsite": {
          "Farm - Friday": 494.85,
          "Hollywood Farmers Market": 2180.65,
          "Irvington": 666.13,
          "LCFM": 551.75,
          "Home Delivery - Corvallis": 259.14,
          "Cully": 320.7,
          "PSU Farmers Market": 1609.9,
          "Woodstock": 665.88,
          "St Johns Winter Drop": 794.49,
          "Farm - Tuesday": 457.44,
          "W 11th": 675.03,
          "Home Delivery - Eugene/Springfield/Junction City": 4393.58,
          "Springfield": 348.5,
          "Corvallis": 55,
          "Friendly": 982.62,
          "Beaverton": 202.77
        }
      }
    },
    {
      "dateRange": "2025-03-03 to 2025-03-09",
      "data": {
        "totalSales": "17254.85",
        "numOrders": 165,
        "numSubscriberOrders": 160,
        "numGuestOrders": 5,
        "averageItemsPerOrder": 7,
        "averageOrderAmount": "106.15",
        "totalActiveSubscribers": 265,
        "projectedMonthlySubscriptionRevenue": 61000,
        "vendors": {
          "Elegant Elephant Baking Co.": 109.34,
          "OGC": 1475.77,
          "Deck Family Farm": 10039.08,
          "Creamy Cow, LLC": 2924.07,
          "Radiant Coffee Roasters": 248.71,
          "Red Tail Growers": 230.9,
          "Lone Wolf Ranch": 169.58,
          "Full Farm CSA": 66,
          "Deck Family Farm's Hyland Artisinal Meats": 779.93,
          "Reality Kitchen Nonprofit": 155.6,
          "Sweet Creek": 227.09,
          "Sourdough Bliss": 148.22,
          "Camas Country Mill": 176.14,
          "Small is Beautiful Farm": 155.61,
          "River Ranch Oregon Olive OIl": 85.92,
          "Grazier's Garden": 148.96,
          "Spoiled Rotten Vinegar": 31.92,
          "My Brothers Farm": 51.42,
          "RL Plants": 30.59
        },
        "category": {
          "Dry Goods": 1599.09,
          "Organic Vegetables - Potatoes": 232.13,
          "Sausages & Cured Meats": 2113.69,
          "Pasture-raised Poultry": 1008.74,
          "Grass-fed Beef": 2732.62,
          "Organic Fruit": 352.28,
          "Organic Eggs": 1723.87,
          "Raw Dairy (Unpasteurized)": 2924.07,
          "Organic Vegetables - Onions/Garlic": 326.02,
          "Spring Lamb": 679.59,
          "Pasture-raised Pork": 1619.63,
          "Organic Vegetables - Other": 63.84,
          "Organic Vegetables - Leafy Greens": 279.94,
          "Organic Vegetables - Roots": 359.2,
          "Organic Vegetables - Mushrooms": 257.16,
          "Organs/Lard/Bones": 87.49,
          "Organs/Lard/Bones, Spring Lamb": 4.83,
          "Organic Vegetables - Broccoli/Cauliflower/Cabbage": 222.41,
          "Pasture Raised Poultry": 184.97,
          "Home Goods": 37.29,
          "Pasture Raised Pork": 282.9,
          "Organ Meat & Lard": 70.42,
          "Organic Vegetables - Herbs": 87.84,
          "Organs/Lard/Bones, Grass-fed Beef": 4.83
        },
        "product": {
          "Organic Pasture Raised Chicken Eggs, 1 Dozen": 1692.47,
          "Raw Fresh Whole Milk": 1430,
          "Ground Beef - Organic": 992.42,
          "Bone-In Chicken Breast": 870.46,
          "Raw A2/A2 Milk": 532,
          "Pork Shoulder Roast, Large": 475.58,
          "Pork Shoulder Roast, Small": 390.72,
          "Pork Chop, Boneless": 354.15,
          "Brisket, Small": 293.86,
          "Ground Lamb": 273.26,
          "Brisket, Medium": 266.5,
          "Raw Sweet Cream Butter": 255.36,
          "Pet Food Organ Mix": 249.32,
          "Gogo Gouda": 241.9,
          "New York Steak": 232.4,
          "Beef Stew Meat": 216.76,
          "Ribeye Steak": 215.08,
          "Bratwurst Sausage": 197.34,
          "Lamb Chops 4 Pack": 188.35,
          "Sage and Sea Salt Pork Breakfast Sausage": 180.83
        },
        "dropsite": {
          "Farm - Friday": 945.54,
          "Corvallis": 221.32,
          "Beaverton": 153.43,
          "Woodstock": 389.9,
          "PSU Farmers Market": 1373.97,
          "Cully": 1052.62,
          "Irvington": 871.32,
          "LCFM": 830.94,
          "Home Delivery - Corvallis": 1074.47,
          "St Johns Winter Drop": 638.93,
          "Hollywood Winter Drop": 1065.08,
          "Salem": 279.92,
          "Home Delivery - Eugene/Springfield/Junction City": 5260.44,
          "W 11th": 730.66,
          "Springfield": 325.98,
          "Farm - Tuesday": 871.31,
          "Friendly": 1169.02
        }
      }
    },
    {
      "dateRange": "2025-03-10 to 2025-03-16",
      "data": {
        "totalSales": "13204.87",
        "numOrders": 152,
        "numSubscriberOrders": 148,
        "numGuestOrders": 4,
        "averageItemsPerOrder": 6,
        "averageOrderAmount": "89.24",
        "totalActiveSubscribers": 271,
        "projectedMonthlySubscriptionRevenue": 62150,
        "vendors": {
          "Camas Country Mill": 175.93,
          "OGC": 949.64,
          "Deck Family Farm's Hyland Artisinal Meats": 622.74,
          "Deck Family Farm": 6800.08,
          "Red Tail Growers": 363.97,
          "Creamy Cow, LLC": 2764.06,
          "Small is Beautiful Farm": 283.9,
          "Lone Wolf Ranch": 112.88,
          "Reality Kitchen Nonprofit": 149.92,
          "Sourdough Bliss": 81.78,
          "Radiant Coffee Roasters": 263.34,
          "Elegant Elephant Baking Co.": 159.54,
          "Sweet Creek": 77.71,
          "Grazier's Garden": 21.28,
          "Lonesome Whistle": 13.4,
          "River Ranch Oregon Olive OIl": 100.12,
          "RL Plants": 180.88,
          "Full Farm CSA": 11,
          "Spoiled Rotten Vinegar": 10.64,
          "My Brothers Farm": 51.42,
          "Kiko Denzer": 10.64
        },
        "category": {
          "Dry Goods": 1363.65,
          "Organic Vegetables - Potatoes": 212.85,
          "Sausages & Cured Meats": 2059.25,
          "Pasture-raised Pork": 957.81,
          "Grass-fed Beef": 1742.16,
          "Organic Vegetables - Other": 138.32,
          "Organic Vegetables - Mushrooms": 278.08,
          "Organic Vegetables - Leafy Greens": 244.81,
          "Organic Vegetables - Roots": 382.84,
          "Organic Eggs": 1220.11,
          "Raw Dairy (Unpasteurized)": 2764.06,
          "Organic Fruit": 135.87,
          "Organic Vegetables - Onions/Garlic": 165.38,
          "Organic Vegetables - Herbs": 37.28,
          "Spring Lamb": 629.67,
          "Organic Vegetables - Tomatoes": 95.04,
          "Pasture-raised Poultry": 416.08,
          "Organic Vegetables - Broccoli/Cauliflower/Cabbage": 19.92,
          "Home Goods": 191.52,
          "Organs/Lard/Bones, Grass-fed Beef": 19.32,
          "Pasture Raised Pork": 87.31,
          "Organs/Lard/Bones": 20.42,
          "Organ Meat & Lard": 23.12
        },
        "product": {
          "Raw Fresh Whole Milk": 1234,
          "Organic Pasture Raised Chicken Eggs, 1 Dozen": 1194.99,
          "Ground Beef - Organic": 774.72,
          "Raw A2/A2 Milk": 589,
          "Pork Bacon": 377.71,
          "Ribeye Steak": 314.6,
          "Live Culture Yogurt": 252.7,
          "Pork Shoulder Roast, Small": 232.26,
          "Ground Beef": 204.44,
          "Lamb Chops 4 Pack": 192.72,
          "Raw Sweet Cream Butter": 191.52,
          "Pork Chop, Boneless": 188.88,
          "Raw Fresh Sweet Cream": 176.25,
          "Lamb Shoulder Roast": 170.95,
          "Bratwurst Sausage": 161.46,
          "Bone-In Chicken Breast": 155,
          "Sage and Sea Salt Pork Breakfast Sausage": 153.82,
          "Beef Stew Meat": 149.4,
          "Pork Shoulder Roast, Large": 148.54,
          "Shiitake Mushrooms": 141.58
        },
        "dropsite": {
          "Cully": 618.68,
          "Irvington": 862.3,
          "Beaverton": 192.29,
          "Farm - Friday": 709.58,
          "Woodstock": 313.04,
          "Home Delivery - Corvallis": 606.91,
          "Hollywood Farmers Market": 1850.87,
          "PSU Farmers Market": 367.11,
          "St Johns Winter Drop": 425.48,
          "LCFM": 430.13,
          "W 11th": 916.87,
          "Home Delivery - Eugene/Springfield/Junction City": 4190.21,
          "Friendly": 1098.39,
          "Springfield": 334.16,
          "Farm - Tuesday": 224.24,
          "Corvallis": 64.61
        }
      }
    },
    {
      "dateRange": "2025-03-17 to 2025-03-23",
      "data": {
        "totalSales": "12439.69",
        "numOrders": 136,
        "numSubscriberOrders": 136,
        "numGuestOrders": 0,
        "averageItemsPerOrder": 7,
        "averageOrderAmount": "92.50",
        "totalActiveSubscribers": 273,
        "projectedMonthlySubscriptionRevenue": 62350,
        "vendors": {
          "OGC": 933.32,
          "River Ranch Oregon Olive OIl": 97.82,
          "Deck Family Farm": 6906.22,
          "Deck Family Farm's Hyland Artisinal Meats": 584.49,
          "Creamy Cow, LLC": 2327.03,
          "Sourdough Bliss": 97.72,
          "RL Plants": 63.84,
          "Lone Wolf Ranch": 89.64,
          "Lonesome Whistle": 20.49,
          "Elegant Elephant Baking Co.": 139.04,
          "Red Tail Growers": 361.99,
          "Small is Beautiful Farm": 365.08,
          "Radiant Coffee Roasters": 131.67,
          "Sweet Creek": 60.99,
          "Reality Kitchen Nonprofit": 141.05,
          "Camas Country Mill": 86.3,
          "Full Farm CSA": 33
        },
        "category": {
          "Organic Fruit": 215.55,
          "Dry Goods": 1057.02,
          "Sausages & Cured Meats": 1584.04,
          "Raw Dairy (Unpasteurized)": 2327.03,
          "Organs/Lard/Bones": 193.75,
          "Pasture-raised Pork": 1180.21,
          "Organic Vegetables - Potatoes": 172.77,
          "Home Goods": 70.54,
          "Organic Eggs": 1299.28,
          "Organic Vegetables - Leafy Greens": 293.04,
          "Organic Vegetables - Mushrooms": 320.94,
          "Spring Lamb": 649.27,
          "Organic Vegetables - Roots": 365.81,
          "Organic Vegetables - Broccoli/Cauliflower/Cabbage": 48.4,
          "Organic Vegetables - Onions/Garlic": 232.69,
          "Grass-fed Beef": 1911.64,
          "Pasture-raised Poultry": 321.13,
          "Organic Vegetables - Herbs": 81.55,
          "Organ Meat & Lard": 71.6,
          "Organic Vegetables - Tomatoes": 8.64,
          "Organs/Lard/Bones, Pasture-raised Pork": 19.32,
          "Organs/Lard/Bones, Spring Lamb": 4.83,
          "Organic Vegetables - Other": 10.64
        },
        "product": {
          "Organic Pasture Raised Chicken Eggs, 1 Dozen": 1280.44,
          "Raw Fresh Whole Milk": 1130,
          "Ground Beef - Organic": 817.76,
          "Raw A2/A2 Milk": 437,
          "Pork Bacon": 282.6,
          "Pork Shoulder Roast, Large": 275.5,
          "Pork Chops, Bone-in": 259.14,
          "Ribeye Steak": 207.06,
          "Braising mix": 203.4,
          "Pork Tenderloin Roast": 202.02,
          "Shiitake Mushrooms": 179.19,
          "Pork Chop, Boneless": 165.27,
          "Raw Sweet Cream Butter": 159.6,
          "Lamb Chops 4 Pack": 150.68,
          "Beef Back Ribs": 146.4,
          "Live Culture Yogurt": 146.3,
          "Crimini Mushrooms": 141.75,
          "Raw Honey, 1 pint": 139.92,
          "Ground Beef": 139.88,
          "Sage and Sea Salt Pork Breakfast Sausage": 139.1
        },
        "dropsite": {
          "Farm - Friday": 370.44,
          "LCFM": 719.72,
          "Woodstock": 618.8,
          "PSU Farmers Market": 1275.59,
          "Irvington": 658.73,
          "Hollywood Winter Drop": 640.64,
          "St Johns Winter Drop": 562.05,
          "Home Delivery - Corvallis": 522.24,
          "W 11th": 591.06,
          "Home Delivery - Eugene/Springfield/Junction City": 3747.21,
          "Friendly": 973.28,
          "Farm - Tuesday": 493.97,
          "Springfield": 373.62,
          "Beaverton": 394.24,
          "Cully": 498.1
        }
      }
    },
    {
      "dateRange": "2025-03-24 to 2025-03-30",
      "data": {
        "totalSales": "13936.66",
        "numOrders": 156,
        "numSubscriberOrders": 154,
        "numGuestOrders": 2,
        "averageItemsPerOrder": 7,
        "averageOrderAmount": "90.75",
        "totalActiveSubscribers": 275,
        "projectedMonthlySubscriptionRevenue": 62750,
        "vendors": {
          "Deck Family Farm": 6314.36,
          "Creamy Cow, LLC": 3136.99,
          "OGC": 965.77,
          "Deck Family Farm's Hyland Artisinal Meats": 814.86,
          "Sweet Creek": 67.68,
          "Radiant Coffee Roasters": 380.38,
          "Lonesome Whistle": 50.64,
          "Red Tail Growers": 356.56,
          "Sourdough Bliss": 321.91,
          "Camas Country Mill": 204.39,
          "RL Plants": 115.71,
          "Reality Kitchen Nonprofit": 121.04,
          "Small is Beautiful Farm": 234.08,
          "Elegant Elephant Baking Co.": 279.95,
          "River Ranch Oregon Olive OIl": 191.84,
          "Full Farm CSA": 64.27,
          "Lone Wolf Ranch": 92.96,
          "Grazier's Garden": 31.92,
          "My Brothers Farm": 171.4,
          "Spoiled Rotten Vinegar": 19.95
        },
        "category": {
          "Grass-fed Beef": 1462.84,
          "Spring Lamb": 817.56,
          "Organic Eggs": 1273.28,
          "Raw Dairy (Unpasteurized)": 3136.99,
          "Organic Vegetables - Potatoes": 130.71,
          "Organic Fruit": 141.75,
          "Organ Meat & Lard": 131.68,
          "Organic Vegetables - Mushrooms": 367.65,
          "Organic Vegetables - Roots": 338.15,
          "Dry Goods": 2249.15,
          "Sausages & Cured Meats": 2057.31,
          "Organic Vegetables - Leafy Greens": 268.11,
          "Organic Vegetables - Onions/Garlic": 205.55,
          "Organic Vegetables - Broccoli/Cauliflower/Cabbage": 89.34,
          "Home Goods": 159.8,
          "Organic Vegetables - Herbs": 58.25,
          "Organic Vegetables - Other": 63.84,
          "Pasture-raised Pork": 697.77,
          "Pasture-raised Poultry": 160.1,
          "Organs/Lard/Bones": 122,
          "Organs/Lard/Bones, Spring Lamb": 4.83
        },
        "product": {
          "Raw Fresh Whole Milk": 1374,
          "Organic Pasture Raised Chicken Eggs, 1 Dozen": 1248.16,
          "Ground Beef - Organic": 925.36,
          "Raw A2/A2 Milk": 418,
          "Pork Bacon": 345.4,
          "Beef Stew Meat": 335.84,
          "Lamb Chops 2 Pack": 329.46,
          "Live Culture Yogurt": 279.3,
          "Ground Lamb": 215.28,
          "Raw Honey, 1 pint": 209.88,
          "Crimini Mushrooms": 204.75,
          "Raw Sweet Cream Butter": 191.52,
          "Raw Cultured Butter": 186.2,
          "Henni Penni Hispanico   7-8 oz": 176.58,
          "Braising mix": 175.15,
          "Roasted Hazelnuts 12 oz.": 171.4,
          "Sage and Sea Salt Pork Breakfast Sausage": 166.92,
          "Raw Fresh Sweet Cream": 164.5,
          "Shiitake Mushrooms": 162.9,
          "Peppered Knife Cut Beef Jerky": 161.5
        },
        "dropsite": {
          "Cully": 830.47,
          "Farm - Friday": 766.68,
          "PSU Farmers Market": 538.62,
          "Woodstock": 613.96,
          "St Johns Winter Drop": 928.35,
          "Hollywood Winter Drop": 1150.61,
          "Irvington": 689.82,
          "Home Delivery - Corvallis": 310.3,
          "Farm - Tuesday": 751.21,
          "W 11th": 973.79,
          "Home Delivery - Eugene/Springfield/Junction City": 4167.21,
          "Friendly": 1142.18,
          "Springfield": 498.6,
          "LCFM": 301.04,
          "Salem": 120.05,
          "Beaverton": 125.93,
          "Corvallis": 27.84
        }
      }
    },
    {
      "dateRange": "2025-03-31 to 2025-04-06",
      "data": {
        "totalSales": "15232.86",
        "numOrders": 144,
        "numSubscriberOrders": 143,
        "numGuestOrders": 1,
        "averageItemsPerOrder": 7,
        "averageOrderAmount": "107.59",
        "totalActiveSubscribers": 276,
        "projectedMonthlySubscriptionRevenue": 62850,
        "vendors": {
          "Creamy Cow, LLC": 2706.68,
          "Deck Family Farm": 8374.37,
          "Radiant Coffee Roasters": 351.12,
          "OGC": 881.39,
          "Deck Family Farm's Hyland Artisinal Meats": 434.96,
          "Red Tail Growers": 424.39,
          "Sweet Creek": 459.6,
          "Elegant Elephant Baking Co.": 222.71,
          "Small is Beautiful Farm": 250.04,
          "Lone Wolf Ranch": 76.36,
          "Full Farm CSA": 51.76,
          "River Ranch Oregon Olive OIl": 74.02,
          "Camas Country Mill": 429.8,
          "Sourdough Bliss": 401.07,
          "Reality Kitchen Nonprofit": 66.22,
          "Grazier's Garden": 10.64,
          "Lonesome Whistle": 4.43,
          "RL Plants": 13.3
        },
        "category": {
          "Raw Dairy (Unpasteurized)": 2706.68,
          "Spring Lamb": 1039.6,
          "Grass-fed Beef": 3760.97,
          "Dry Goods": 2220.58,
          "Organic Eggs": 1368.32,
          "Organic Vegetables - Mushrooms": 342.84,
          "Sausages & Cured Meats": 1562.36,
          "Organic Vegetables - Herbs": 48.93,
          "Organic Vegetables - Leafy Greens": 388.14,
          "Organic Fruit": 118.5,
          "Organic Vegetables - Potatoes": 220.03,
          "Pasture-raised Poultry": 304.31,
          "Pasture-raised Pork": 508.56,
          "Organic Vegetables - Roots": 217.72,
          "Organic Vegetables - Onions/Garlic": 210.9,
          "Organic Vegetables - Broccoli/Cauliflower/Cabbage": 67,
          "Organic Vegetables - Other": 47.88,
          "Organs/Lard/Bones": 28.48,
          "Home Goods": 20,
          "Organ Meat & Lard": 46.23,
          "Organs/Lard/Bones, Pasture-raised Pork": 4.83
        },
        "product": {
          "Raw Fresh Whole Milk": 1468,
          "Organic Pasture Raised Chicken Eggs, 1 Dozen": 1355.76,
          "Ground Beef - Organic": 850.04,
          "Ribeye Steak": 655.69,
          "Raw A2/A2 Milk": 608,
          "Skirt Steak, Large": 282.15,
          "Beef Tenderloin": 233.31,
          "Lamb Chops 2 Pack": 232.56,
          "Beef Flat Iron Steak": 230.89,
          "Ground Beef": 215.2,
          "Shiitake Mushrooms": 206.34,
          "Pork Bacon": 204.1,
          "Ground Pork": 198.25,
          "Live Culture Yogurt": 194.18,
          "Tri-Tip": 193.05,
          "Lamb Stew Meat": 192.9,
          "Braising mix": 180.8,
          "Lamb Kabob": 173.61,
          "Organic Oat Flakes": 162.24,
          "Ground Lamb": 161.46
        },
        "dropsite": {
          "PSU Farmers Market": 1134.62,
          "Hollywood Farmers Market": 1731.36,
          "Woodstock": 621.78,
          "St Johns Winter Drop": 670.32,
          "Farm - Friday": 768.03,
          "Irvington": 797.91,
          "Home Delivery - Corvallis": 604.28,
          "LCFM": 360.93,
          "Cully": 609.05,
          "Beaverton": 263.29,
          "Corvallis": 199.69,
          "W 11th": 558.38,
          "Springfield": 265.88,
          "Farm - Tuesday": 556.86,
          "Home Delivery - Eugene/Springfield/Junction City": 5009.78,
          "Friendly": 1080.7
        }
      }
    },
    {
      "dateRange": "2025-04-07 to 2025-04-13",
      "data": {
        "totalSales": "15357.23",
        "numOrders": 154,
        "numSubscriberOrders": 151,
        "numGuestOrders": 3,
        "averageItemsPerOrder": 7,
        "averageOrderAmount": "100.89",
        "totalActiveSubscribers": 276,
        "projectedMonthlySubscriptionRevenue": 62250,
        "vendors": {
          "Reality Kitchen Nonprofit": 136.22,
          "Sweet Creek": 349.44,
          "Sourdough Bliss": 385.77,
          "OGC": 913.6,
          "Deck Family Farm": 7866.5,
          "RL Plants": 18.62,
          "Camas Swale Farm": 284.7,
          "Red Tail Growers": 398.03,
          "Little Wings": 344.16,
          "Creamy Cow, LLC": 2919.63,
          "Elegant Elephant Baking Co.": 195.24,
          "Lonesome Whistle": 65.66,
          "Deck Family Farm's Hyland Artisinal Meats": 426.55,
          "Camas Country Mill": 302.15,
          "Radiant Coffee Roasters": 234.08,
          "Lone Wolf Ranch": 83,
          "Full Farm CSA": 91.13,
          "Small is Beautiful Farm": 234.08,
          "Creole Me Up": 28.84,
          "River Ranch Oregon Olive OIl": 58.55,
          "Spoiled Rotten Vinegar": 21.28
        },
        "category": {
          "Dry Goods": 2018.34,
          "Organic Vegetables - Potatoes": 200.77,
          "Organic Vegetables - Onions/Garlic": 134.46,
          "Grass-fed Beef": 2962.24,
          "Organic Vegetables - Herbs": 40.6,
          "Organic Vegetables - Mushrooms": 292.93,
          "Organic Vegetables - Broccoli/Cauliflower/Cabbage": 320.66,
          "Organic Vegetables - Leafy Greens": 834.53,
          "Raw Dairy (Unpasteurized)": 2919.63,
          "Organic Eggs": 1618.32,
          "Organic Fruit": 130.5,
          "Sausages & Cured Meats": 1721.24,
          "Organic Vegetables - Roots": 323.4,
          "Pasture-raised Pork": 980.86,
          "Pasture-raised Poultry": 283,
          "Spring Lamb": 462.07,
          "Home Goods": 85.17,
          "Organs/Lard/Bones": 10.22,
          "Organ Meat & Lard": 13.46,
          "Organs/Lard/Bones, Spring Lamb": 4.83
        },
        "product": {
          "Organic Pasture Raised Chicken Eggs, 1 Dozen": 1605.76,
          "Raw Fresh Whole Milk": 1450,
          "Ground Beef - Organic": 779.72,
          "Pork Bacon": 362.01,
          "Raw A2/A2 Milk": 323,
          "Ground Beef": 322.8,
          "Beef Tenderloin": 320.61,
          "Beef Chuck Roast": 302.88,
          "Live Culture Yogurt": 289.94,
          "Pork Chop, Boneless": 236.1,
          "Raw Cultured Butter": 223.44,
          "Spinach  1/2 Lb.": 214.22,
          "New York Steak": 210.51,
          "Spare Ribs": 188.37,
          "Pork Chops, Bone-in": 185.1,
          "Crimini Mushrooms": 178.9,
          "Farm Made Bulk Chorizo Rojo": 177.72,
          "Gogo Gouda 7.0-8.0oz": 170.19,
          "Braising mix": 169.5,
          "Sage and Sea Salt Pork Breakfast Sausage": 166.92
        },
        "dropsite": {
          "LCFM": 1107.65,
          "Corvallis": 556.7,
          "Hollywood Farmers Market": 1406.3,
          "Woodstock": 1280.05,
          "Farm - Friday": 489.56,
          "PSU Farmers Market": 1606.91,
          "St Johns Winter Drop": 524.03,
          "Irvington": 752.01,
          "Cully": 568.34,
          "Salem": 140.38,
          "Beaverton": 343.98,
          "Home Delivery - Eugene/Springfield/Junction City": 3432.28,
          "W 11th": 867.81,
          "Springfield": 367.59,
          "Friendly": 1202.9,
          "Farm - Tuesday": 596.7,
          "Home Delivery - Corvallis": 114.04
        }
      }
    },
    {
      "dateRange": "2025-04-14 to 2025-04-20",
      "data": {
        "totalSales": "14917.16",
        "numOrders": 163,
        "numSubscriberOrders": 157,
        "numGuestOrders": 6,
        "averageItemsPerOrder": 7,
        "averageOrderAmount": "92.74",
        "totalActiveSubscribers": 275,
        "projectedMonthlySubscriptionRevenue": 61850,
        "vendors": {
          "Creamy Cow, LLC": 2643.04,
          "Deck Family Farm": 7677.21,
          "Little Wings": 620.86,
          "Camas Country Mill": 267.01,
          "OGC": 930.74,
          "Red Tail Growers": 389.48,
          "Lone Wolf Ranch": 73.04,
          "Sourdough Bliss": 301.28,
          "Elegant Elephant Baking Co.": 116.68,
          "Full Farm CSA": 212.81,
          "Sweet Creek": 386.82,
          "Creole Me Up": 43.26,
          "Radiant Coffee Roasters": 234.08,
          "Deck Family Farm's Hyland Artisinal Meats": 559.9,
          "Small is Beautiful Farm": 148.96,
          "Reality Kitchen Nonprofit": 106.34,
          "RL Plants": 31.92,
          "Spoiled Rotten Vinegar": 21.28,
          "Lonesome Whistle": 15.15,
          "River Ranch Oregon Olive OIl": 56.78,
          "Camas Swale Farm": 69.88,
          "Grazier's Garden": 10.64
        },
        "category": {
          "Raw Dairy (Unpasteurized)": 2643.04,
          "Spring Lamb": 638.72,
          "Organic Vegetables - Roots": 211.14,
          "Dry Goods": 1765.63,
          "Organic Vegetables - Potatoes": 212.13,
          "Organic Vegetables - Onions/Garlic": 226.87,
          "Organic Vegetables - Leafy Greens": 974.48,
          "Organic Vegetables - Herbs": 98.69,
          "Grass-fed Beef": 2701.86,
          "Organic Vegetables - Mushrooms": 335.83,
          "Sausages & Cured Meats": 2037.94,
          "Pasture-raised Pork": 849.03,
          "Organic Eggs": 1383.49,
          "Organic Fruit": 127.25,
          "Pasture-raised Poultry": 323.48,
          "Organs/Lard/Bones": 23.12,
          "Organ Meat & Lard": 73.16,
          "Organic Vegetables - Broccoli/Cauliflower/Cabbage": 264.7,
          "Home Goods": 26.6
        },
        "product": {
          "Raw Fresh Whole Milk": 1492,
          "Organic Pasture Raised Chicken Eggs, 1 Dozen": 1370.93,
          "Ground Beef - Organic": 841.78,
          "Spinach  1/2 Lb.": 360.84,
          "Pork Chop, Boneless": 306.93,
          "Raw A2/A2 Milk": 304,
          "New York Steak": 278.88,
          "Brisket, Large": 258.08,
          "Stewing Hen": 245.91,
          "Ground Pork": 244,
          "Ribeye Steak": 241.57,
          "Pork Bacon": 235.5,
          "Polish Kielbasa Sausage": 210,
          "Sage and Sea Salt Pork Breakfast Sausage": 208.65,
          "Raw Cultured Butter": 204.82,
          "Raw Fresh Sweet Cream": 199.75,
          "Top Sirloin Steak": 195.06,
          "Crimini Mushrooms": 194.65,
          "Lamb Chops 2 Pack": 193.8,
          "Sour Cream": 191.52
        },
        "dropsite": {
          "Hollywood Farmers Market": 1061.2,
          "St Johns Winter Drop": 479.03,
          "Woodstock": 1056.35,
          "PSU Farmers Market": 1054.63,
          "Cully": 457.57,
          "Irvington": 629.75,
          "Home Delivery - Corvallis": 618.49,
          "LCFM": 484.97,
          "Farm - Friday": 515.54,
          "Beaverton": 483.27,
          "Salem": 247.09,
          "Home Delivery - Eugene/Springfield/Junction City": 4579.4,
          "Friendly": 996.38,
          "W 11th": 742.01,
          "Springfield": 379.39,
          "Farm - Tuesday": 1132.09
        }
      }
    },
    {
      "dateRange": "2025-04-21 to 2025-04-27",
      "data": {
        "totalSales": "14039.80",
        "numOrders": 156,
        "numSubscriberOrders": 154,
        "numGuestOrders": 2,
        "averageItemsPerOrder": 7,
        "averageOrderAmount": "91.92",
        "totalActiveSubscribers": 277,
        "projectedMonthlySubscriptionRevenue": 62250,
        "vendors": {
          "Deck Family Farm": 6885.77,
          "Sweet Creek": 436.35,
          "Red Tail Growers": 112.55,
          "Deck Family Farm's Hyland Artisinal Meats": 532.78,
          "Little Wings": 921.27,
          "OGC": 726.85,
          "Small is Beautiful Farm": 133.44,
          "Creamy Cow, LLC": 2950.34,
          "Sourdough Bliss": 283.34,
          "Elegant Elephant Baking Co.": 122.6,
          "Spoiled Rotten Vinegar": 10.64,
          "Lonesome Whistle": 27.51,
          "Camas Country Mill": 112.1,
          "Radiant Coffee Roasters": 204.82,
          "River Ranch Oregon Olive OIl": 160.21,
          "Lone Wolf Ranch": 89.64,
          "RL Plants": 69.16,
          "Reality Kitchen Nonprofit": 88.75,
          "Full Farm CSA": 100.51,
          "Camas Swale Farm": 49.89,
          "Grazier's Garden": 21.28
        },
        "category": {
          "Grass-fed Beef": 1919.9,
          "Sausages & Cured Meats": 2067.73,
          "Dry Goods": 1729.75,
          "Organic Vegetables - Onions/Garlic": 226.45,
          "Pasture-raised Pork": 614.01,
          "Organic Vegetables - Other": 84.42,
          "Organic Vegetables - Mushrooms": 272.61,
          "Organic Vegetables - Leafy Greens": 765.86,
          "Organic Fruit": 124.5,
          "Organic Eggs": 1512.68,
          "Raw Dairy (Unpasteurized)": 2950.34,
          "Organ Meat & Lard": 149.43,
          "Organic Vegetables - Roots": 209.29,
          "Organic Vegetables - Potatoes": 138.18,
          "Organic Vegetables - Herbs": 186.38,
          "Spring Lamb": 795.68,
          "Home Goods": 122.41,
          "Pasture-raised Poultry": 122.86,
          "Organic Vegetables - Broccoli/Cauliflower/Cabbage": 35.91,
          "Uncategorized": 6.58,
          "Organs/Lard/Bones, Pasture-raised Pork": 4.83
        },
        "product": {
          "Raw Fresh Whole Milk": 1552,
          "Organic Pasture Raised Chicken Eggs, 1 Dozen": 1506.4,
          "Ground Beef - Organic": 774.72,
          "Lamb Shoulder Roast": 403,
          "Raw A2/A2 Milk": 380,
          "Spinach  1/2 Lb.": 307.38,
          "Sage and Sea Salt Pork Breakfast Sausage": 250.38,
          "Live Culture Yogurt": 239.4,
          "Pork Bacon": 219.8,
          "New York Steak": 209.16,
          "Sour Cream": 191.52,
          "Bavette Steak": 186.56,
          "Polish Kielbasa Sausage": 175,
          "Cilantro": 167.76,
          "Pork Chop, Boneless": 165.27,
          "Salami d'Ouvrier": 164.22,
          "Sweet Italian Sausage Links": 161.5,
          "Spring Salad Mix": 160.08,
          "Shiitake Mushrooms": 146.61,
          "Fresh Garlic Sausage Links": 145.35
        },
        "dropsite": {
          "Home Delivery - Corvallis": 375.37,
          "Hollywood Farmers Market": 1532,
          "Woodstock": 1318.5,
          "LCFM": 434.02,
          "Irvington": 636.41,
          "Corvallis": 214.24,
          "PSU Farmers Market": 1005.94,
          "Cully": 919.9,
          "St Johns Winter Drop": 476.1,
          "Farm - Friday": 1098.83,
          "Home Delivery - Eugene/Springfield/Junction City": 2857.29,
          "Farm - Tuesday": 675.4,
          "W 11th": 621.35,
          "Springfield": 368.09,
          "Friendly": 965.34,
          "Salem": 98.59,
          "Beaverton": 442.43
        }
      }
    },
    {
      "dateRange": "2025-04-28 to 2025-05-04",
      "data": {
        "totalSales": "14872.06",
        "numOrders": 154,
        "numSubscriberOrders": 150,
        "numGuestOrders": 4,
        "averageItemsPerOrder": 8,
        "averageOrderAmount": "98.13",
        "totalActiveSubscribers": 277,
        "projectedMonthlySubscriptionRevenue": 62250,
        "vendors": {
          "Deck Family Farm": 7782.61,
          "OGC": 696.36,
          "Creamy Cow, LLC": 2639.83,
          "Deck Family Farm's Hyland Artisinal Meats": 474.47,
          "Little Wings": 893.91,
          "Camas Swale Farm": 367.66,
          "Radiant Coffee Roasters": 324.06,
          "River Ranch Oregon Olive OIl": 110.04,
          "Red Tail Growers": 307.73,
          "Elegant Elephant Baking Co.": 112.37,
          "Small is Beautiful Farm": 127.68,
          "Sweet Creek": 230.44,
          "Lone Wolf Ranch": 56.46,
          "Sourdough Bliss": 245.42,
          "Reality Kitchen Nonprofit": 113.76,
          "Full Farm CSA": 80.16,
          "RL Plants": 61.18,
          "Camas Country Mill": 218.35,
          "Creole Me Up": 14.42,
          "Lonesome Whistle": 15.15
        },
        "category": {
          "Sausages & Cured Meats": 1974.66,
          "Grass-fed Beef": 2676.41,
          "Organic Vegetables - Potatoes": 193.64,
          "Pasture-raised Pork": 811.78,
          "Organic Eggs": 1398.37,
          "Raw Dairy (Unpasteurized)": 2639.83,
          "Organic Vegetables - Leafy Greens": 950.36,
          "Organic Vegetables - Roots": 155.81,
          "Dry Goods": 1891.3,
          "Organic Vegetables - Onions/Garlic": 329.89,
          "Home Goods": 137.04,
          "Organic Vegetables - Mushrooms": 288.76,
          "Organic Vegetables - Herbs": 186.88,
          "Organic Vegetables - Broccoli/Cauliflower/Cabbage": 110.76,
          "Spring Lamb": 644.52,
          "Organic Fruit": 93,
          "Pasture-raised Poultry": 188.4,
          "Organic Vegetables - Other": 140.7,
          "Uncategorized": 5.43,
          "Organ Meat & Lard": 54.52
        },
        "product": {
          "Organic Pasture Raised Chicken Eggs, 1 Dozen": 1379.17,
          "Raw Fresh Whole Milk": 1300,
          "Ground Beef - Organic": 851.29,
          "Honey Maple Ham, Sliced": 471.82,
          "Raw A2/A2 Milk": 418,
          "New York Steak": 348.6,
          "Ribeye Steak": 345.1,
          "Beef Chuck Roast": 335.88,
          "Ground Lamb": 325,
          "Raw Cultured Butter": 316.54,
          "Pork Bacon": 298.3,
          "Spinach  1/2 Lb.": 271.31,
          "Pork Chops, Bone-in": 234.7,
          "Live Culture Yogurt": 194.18,
          "Pork Chop, Boneless": 188.88,
          "Chicken Wings": 188.4,
          "Ground Beef": 182.92,
          "Spring Salad Mix": 182.16,
          "Raw Walnuts, 1 lb": 156.94,
          "Raw Walnuts, 1/2 lb": 151.45
        },
        "dropsite": {
          "Farm - Friday": 1059.98,
          "Woodstock": 654,
          "LCFM": 351.17,
          "St Johns Farmers Market": 942.18,
          "PSU Farmers Market": 1327.64,
          "Hollywood Farmers Market": 860.95,
          "Corvallis": 71.3,
          "Salem": 88.82,
          "Cully": 1045.94,
          "Irvington": 1023.87,
          "Beaverton": 393.2,
          "Home Delivery - Corvallis": 345.08,
          "Friendly": 1045.46,
          "Home Delivery - Eugene/Springfield/Junction City": 4114.89,
          "W 11th": 586.75,
          "Farm - Tuesday": 632.7,
          "Springfield": 328.13
        }
      }
    },
    {
      "dateRange": "2025-05-05 to 2025-05-11",
      "data": {
        "totalSales": "13299.94",
        "numOrders": 138,
        "numSubscriberOrders": 135,
        "numGuestOrders": 3,
        "averageItemsPerOrder": 8,
        "averageOrderAmount": "97.68",
        "totalActiveSubscribers": 278,
        "projectedMonthlySubscriptionRevenue": 62500,
        "vendors": {
          "Deck Family Farm": 6994.14,
          "OGC": 734.66,
          "Camas Country Mill": 284.57,
          "Red Tail Growers": 439.03,
          "Little Wings": 712.49,
          "Lone Wolf Ranch": 73.08,
          "BNF Kombucha and Jun": 167.02,
          "Radiant Coffee Roasters": 204.82,
          "River Ranch Oregon Olive OIl": 175.04,
          "Sweet Creek": 225.19,
          "Lonesome Whistle": 39.03,
          "Full Farm CSA": 48.56,
          "Deck Family Farm's Hyland Artisinal Meats": 250.6,
          "Creamy Cow, LLC": 2343.88,
          "Elegant Elephant Baking Co.": 140.62,
          "Reality Kitchen Nonprofit": 107.64,
          "Small is Beautiful Farm": 42.56,
          "Camas Swale Farm": 193.98,
          "Sourdough Bliss": 112.39,
          "Grazier's Garden": 10.64
        },
        "category": {
          "Grass-fed Beef": 2081.22,
          "Organic Vegetables - Roots": 127.53,
          "Dry Goods": 1851.31,
          "Organic Vegetables - Onions/Garlic": 327.1,
          "Sausages & Cured Meats": 1610.85,
          "Organic Eggs": 1465.79,
          "Organic Vegetables - Leafy Greens": 852.9,
          "Organic Vegetables - Broccoli/Cauliflower/Cabbage": 102.96,
          "Organic Vegetables - Herbs": 194.18,
          "Pasture-raised Pork": 1014.11,
          "Organic Vegetables - Mushrooms": 314.07,
          "Organic Fruit": 90.75,
          "Organs/Lard/Bones": 85.47,
          "Raw Dairy (Unpasteurized)": 2310.6,
          "Spring Lamb": 507.21,
          "Organ Meat & Lard": 66.62,
          "Organic Vegetables - Potatoes": 133.14,
          "Organic Vegetables - Other": 79.73,
          "Pasture-raised Poultry": 51.12,
          "Dairy": 33.28
        },
        "product": {
          "Organic Pasture Raised Chicken Eggs, 1 Dozen": 1453.23,
          "Raw Fresh Whole Milk": 1258,
          "Ground Beef - Organic": 720.92,
          "Pork Chop, Boneless": 492.84,
          "Salami d'Ouvrier": 345,
          "Ground Beef": 322.8,
          "Honey Maple Ham, Sliced": 258.74,
          "Pork Bacon": 235.5,
          "Spring Salad Mix": 231.84,
          "Pork Shoulder Roast, Small": 209.5,
          "Live Culture Yogurt": 202.16,
          "Crimini Mushrooms": 183.75,
          "Raw Walnuts, 1 lb": 179.36,
          "Lamb Chops 2 Pack": 174.42,
          "Heidi of the Hills Cheese 7.1-8.3 oz": 170.37,
          "Pork Shoulder Roast, Large": 165.3,
          "Raw Fresh Sweet Cream": 164.5,
          "Ribeye Steak": 146.06,
          "Dino Lacinato Kale": 134.55,
          "Shiitake Mushrooms": 130.32
        },
        "dropsite": {
          "Hollywood Farmers Market": 2305.12,
          "St Johns Farmers Market": 617.74,
          "Woodstock": 979.61,
          "LCFM": 827.85,
          "PSU Farmers Market": 1011.65,
          "Beaverton": 252.15,
          "Irvington": 536.2,
          "Farm - Friday": 662.75,
          "W 11th": 948.02,
          "Home Delivery - Eugene/Springfield/Junction City": 3117.41,
          "Farm - Tuesday": 471.26,
          "Friendly": 758.3,
          "Springfield": 119.34,
          "Cully": 325.8,
          "Salem": 133.02,
          "Home Delivery - Corvallis": 137.02,
          "Corvallis": 96.7
        }
      }
    },
    {
      "dateRange": "2025-05-12 to 2025-05-18",
      "data": {
        "totalSales": "16371.18",
        "numOrders": 168,
        "numSubscriberOrders": 161,
        "numGuestOrders": 7,
        "averageItemsPerOrder": 9,
        "averageOrderAmount": "98.76",
        "totalActiveSubscribers": 280,
        "projectedMonthlySubscriptionRevenue": 62750,
        "vendors": {
          "Deck Family Farm": 7760.28,
          "Creamy Cow, LLC": 2709.06,
          "OGC": 2488.73,
          "Camas Country Mill": 270.81,
          "Deck Family Farm's Hyland Artisinal Meats": 295.82,
          "Sweet Creek": 383.55,
          "BNF Kombucha and Jun": 239.76,
          "Little Wings": 688.93,
          "Red Tail Growers": 479.18,
          "Full Farm CSA": 28.64,
          "Sourdough Bliss": 74.49,
          "River Ranch Oregon Olive OIl": 206.92,
          "Radiant Coffee Roasters": 146.3,
          "Small is Beautiful Farm": 85.12,
          "Elegant Elephant Baking Co.": 142.92,
          "Lone Wolf Ranch": 89.76,
          "RL Plants": 70.06,
          "Reality Kitchen Nonprofit": 128.74,
          "Lonesome Whistle": 24.81,
          "My Brothers Farm": 46.66,
          "Grazier's Garden": 10.64
        },
        "category": {
          "Spring Lamb": 487.41,
          "Raw Dairy (Unpasteurized)": 2709.06,
          "Sausages & Cured Meats": 1744.35,
          "Organic Vegetables - Roots": 508.1,
          "Dry Goods": 2111.52,
          "Organ Meat & Lard": 68.66,
          "Grass-fed Beef": 3091.16,
          "Organic Vegetables - Potatoes": 206.93,
          "Organic Vegetables - Mushrooms": 342.74,
          "Organic Vegetables - Other": 1237.52,
          "Organic Eggs": 1267,
          "Organic Vegetables - Leafy Greens": 922.48,
          "Organic Vegetables - Broccoli/Cauliflower/Cabbage": 105.3,
          "Organic Vegetables - Onions/Garlic": 329.57,
          "Pasture-raised Pork": 923.15,
          "Pasture-raised Poultry": 21.52,
          "Organic Vegetables - Herbs": 111.72,
          "Organic Fruit": 74,
          "Home Goods": 77.79,
          "Uncategorized": 13.5,
          "Organs/Lard/Bones, Pasture-raised Pork": 4.83,
          "Flowers": 12.87
        },
        "product": {
          "Raw Fresh Whole Milk": 1378,
          "Organic Pasture Raised Chicken Eggs, 1 Dozen": 1248.16,
          "Ground Beef - Organic": 785.48,
          "Sugar Snap Peas": 637.75,
          "Asparagus": 585.7,
          "Pork Bacon": 361.1,
          "Raw A2/A2 Milk": 361,
          "Pork Chop, Boneless": 341.91,
          "Raw Cultured Butter": 297.92,
          "Top Sirloin Steak": 292.59,
          "Skirt Steak, Large": 279.84,
          "Orange Carrots": 258.96,
          "Honey Maple Ham, Sliced": 244.78,
          "Beef Flat Iron Steak": 230.89,
          "Spring Salad Mix": 216.1,
          "Live Culture Yogurt": 215.46,
          "Raw Honey, 1 pint": 209.88,
          "Ribeye Steak": 207.06,
          "Raw Fresh Sweet Cream": 188,
          "Bavette Steak": 186.56
        },
        "dropsite": {
          "Hollywood Farmers Market": 1386.81,
          "Woodstock": 919.37,
          "PSU Farmers Market": 1635.08,
          "Irvington": 628.86,
          "Cully": 481.92,
          "Home Delivery - Corvallis": 333.53,
          "LCFM": 781.17,
          "Beaverton": 282.45,
          "Farm - Friday": 908.94,
          "St Johns Farmers Market": 798.88,
          "W 11th": 743.31,
          "Home Delivery - Eugene/Springfield/Junction City": 5262.37,
          "Farm - Tuesday": 731.95,
          "Friendly": 926.98,
          "Salem": 220.19,
          "Corvallis": 33.32,
          "Main St Market- Springfield": 70,
          "Springfield": 226.05
        }
      }
    },
    {
      "dateRange": "2025-05-19 to 2025-05-25",
      "data": {
        "totalSales": "14209.85",
        "numOrders": 145,
        "numSubscriberOrders": 140,
        "numGuestOrders": 5,
        "averageItemsPerOrder": 9,
        "averageOrderAmount": "100.07",
        "totalActiveSubscribers": 273,
        "projectedMonthlySubscriptionRevenue": 61350,
        "vendors": {
          "OGC": 1557.34,
          "Deck Family Farm": 6693.22,
          "Red Tail Growers": 697.03,
          "Camas Swale Farm": 405.42,
          "Creamy Cow, LLC": 2175.33,
          "Lone Wolf Ranch": 36.53,
          "Little Wings": 464.77,
          "River Ranch Oregon Olive OIl": 131.07,
          "Sourdough Bliss": 268.11,
          "My Brothers Farm": 155.36,
          "Radiant Coffee Roasters": 309.43,
          "Camas Country Mill": 149.82,
          "Sweet Creek": 288.25,
          "Deck Family Farm's Hyland Artisinal Meats": 330.87,
          "RL Plants": 37.24,
          "Elegant Elephant Baking Co.": 102.84,
          "Reality Kitchen Nonprofit": 81.1,
          "Grazier's Garden": 69.86,
          "BNF Kombucha and Jun": 214.68,
          "Full Farm CSA": 28.29,
          "Lonesome Whistle": 13.29
        },
        "category": {
          "Organic Vegetables - Potatoes": 184.56,
          "Organic Vegetables - Onions/Garlic": 257.84,
          "Organic Eggs": 1304.28,
          "Organic Vegetables - Roots": 395.84,
          "Organic Vegetables - Leafy Greens": 935.85,
          "Organic Vegetables - Broccoli/Cauliflower/Cabbage": 89.1,
          "Grass-fed Beef": 2280.52,
          "Raw Dairy (Unpasteurized)": 2175.33,
          "Organic Fruit": 72.75,
          "Dry Goods": 1952.79,
          "Organic Vegetables - Mushrooms": 250.39,
          "Sausages & Cured Meats": 1618.04,
          "Pasture-raised Pork": 1054.57,
          "Organic Vegetables - Other": 937.52,
          "Spring Lamb": 478.74,
          "Organ Meat & Lard": 31.4,
          "Home Goods": 54.53,
          "Organs/Lard/Bones, Pasture-raised Pork": 8.97,
          "Organic Vegetables - Tomatoes": 69.86,
          "Organic Vegetables - Herbs": 37.24,
          "Pasture-raised Poultry": 10.76,
          "Organs/Lard/Bones": 8.97
        },
        "product": {
          "Raw Fresh Whole Milk": 1286,
          "Organic Pasture Raised Chicken Eggs, 1 dozen": 1263.92,
          "Organic Ground Beef": 661.36,
          "Sugar Snap Peas": 499.95,
          "Asparagus": 419.45,
          "Chuck roast": 307.2,
          "Pork Chop, Boneless": 283.32,
          "Brisket, Small": 213.55,
          "Spinach  1/2 Lb.": 182.04,
          "Bacon, Pork": 172.7,
          "Raw A2/A2 Milk": 171,
          "Pork Shoulder Roast, Small": 167.6,
          "Baby Back Ribs": 166.24,
          "Pork Tenderloin": 165.51,
          "Raw Fresh Sweet Cream": 164.5,
          "Honey Maple Ham, Sliced": 159.53,
          "Polish Kielbasa": 157.5,
          "Crimini Mushrooms": 152.65,
          "Flank Steak": 149.18,
          "Live Culture Yogurt": 146.3
        },
        "dropsite": {
          "Hollywood Farmers Market": 1013.72,
          "PSU Farmers Market": 907.58,
          "Corvallis": 292.6,
          "Cully": 752.54,
          "LCFM": 646.35,
          "Farm - Friday": 439.2,
          "St Johns Farmers Market": 702.8,
          "Home Delivery - Corvallis": 286.15,
          "Irvington": 901.6,
          "W 11th": 736.71,
          "Main St Market- Springfield": 321.42,
          "Friendly": 989.01,
          "Farm - Tuesday": 940,
          "Home Delivery - Eugene/Springfield/Junction City": 4390.1,
          "Woodstock": 492.88,
          "Springfield": 336.34,
          "Beaverton": 60.85
        }
      }
    },
    {
      "dateRange": "2025-05-26 to 2025-06-01",
      "data": {
        "totalSales": "16931.38",
        "numOrders": 163,
        "numSubscriberOrders": 160,
        "numGuestOrders": 3,
        "averageItemsPerOrder": 9,
        "averageOrderAmount": "104.73",
        "totalActiveSubscribers": 275,
        "projectedMonthlySubscriptionRevenue": 62350,
        "vendors": {
          "Sweet Creek": 165.26,
          "Radiant Coffee Roasters": 263.34,
          "Deck Family Farm": 8181.17,
          "OGC": 1223.66,
          "Grazier's Garden": 683.89,
          "Creamy Cow, LLC": 2797.61,
          "Full Farm CSA": 28.76,
          "Sourdough Bliss": 192.88,
          "Reality Kitchen Nonprofit": 113.72,
          "Red Tail Growers": 1093.64,
          "Little Wings": 496.03,
          "BNF Kombucha and Jun": 105.61,
          "Lonesome Whistle": 7.09,
          "Camas Swale Farm": 498.25,
          "Deck Family Farm's Hyland Artisinal Meats": 533.06,
          "Elegant Elephant Baking Co.": 108.63,
          "River Ranch Oregon Olive OIl": 63.75,
          "Lone Wolf Ranch": 73.1,
          "RL Plants": 204.83,
          "My Brothers Farm": 51.42,
          "Camas Country Mill": 45.68
        },
        "category": {
          "Dry Goods": 1454.64,
          "Sausages & Cured Meats": 2063.21,
          "Pasture-raised Poultry": 1243.19,
          "Organic Vegetables - Mushrooms": 282.79,
          "Organic Vegetables - Tomatoes": 101.12,
          "Organic Eggs": 1258.04,
          "Raw Dairy (Unpasteurized)": 2797.61,
          "Grass-fed Beef": 2204.31,
          "Home Goods": 214.83,
          "Organic Vegetables - Potatoes": 166.72,
          "Organic Vegetables - Roots": 507.13,
          "Organic Vegetables - Leafy Greens": 952.32,
          "Organic Vegetables - Broccoli/Cauliflower/Cabbage": 173.2,
          "Organic Vegetables - Other": 865.24,
          "Organic Fruit": 639.02,
          "Organic Vegetables - Onions/Garlic": 254.19,
          "Pasture-raised Pork": 1119.1,
          "Spring Lamb": 446.96,
          "Organic Vegetables - Herbs": 137.74,
          "Organic Vegetables  - Broccoli/Cauliflower/Cabbage": 7.86,
          "Organ Meat & Lard": 42.16
        },
        "product": {
          "Raw Fresh Whole Milk": 1634,
          "Organic Pasture Raised Chicken Eggs, 1 dozen": 1226.64,
          "CRX Roaster, Large": 627.04,
          "Organic Ground Beef": 602.56,
          "Strawberries": 517.6,
          "CRX Roaster, Medium": 431.47,
          "Asparagus": 406.15,
          "Sugar Snap Peas": 370.65,
          "Raw A2/A2 Milk": 323,
          "Bacon, Pork": 284.43,
          "Baby Carrots": 280.52,
          "Ground Pork": 244,
          "Ribeye Steak": 241.57,
          "New York Steak": 211.85,
          "Pork Spare Ribs": 198.83,
          "Spinach  1/2 Lb.": 198,
          "Top Sirloin Steak": 195.06,
          "Chuck roast": 186.6,
          "Live Culture Yogurt": 180.88,
          "Sage & Sea Salt Sausage": 179.2
        },
        "dropsite": {
          "LCFM": 1181.24,
          "Hollywood Farmers Market": 1762.74,
          "PSU Farmers Market": 1164.8,
          "Woodstock": 1416.96,
          "St Johns Farmers Market": 858.8,
          "Irvington": 734.98,
          "Salem": 262.54,
          "Beaverton": 223.71,
          "Farm - Friday": 502.83,
          "Home Delivery - Corvallis": 540.76,
          "Home Delivery - Eugene/Springfield/Junction City": 4155.44,
          "Springfield": 354.25,
          "Farm - Tuesday": 874.37,
          "Friendly": 1549.05,
          "W 11th": 660.33,
          "Cully": 395.88,
          "Corvallis": 180.22,
          "Main St Market- Springfield": 112.48
        }
      }
    },
    {
      "dateRange": "2025-06-02 to 2025-06-08",
      "data": {
        "totalSales": "15020.74",
        "numOrders": 157,
        "numSubscriberOrders": 154,
        "numGuestOrders": 3,
        "averageItemsPerOrder": 10,
        "averageOrderAmount": "96.82",
        "totalActiveSubscribers": 272,
        "projectedMonthlySubscriptionRevenue": 61650,
        "vendors": {
          "Deck Family Farm": 6365.48,
          "Elegant Elephant Baking Co.": 89.91,
          "Camas Swale Farm": 837.92,
          "Radiant Coffee Roasters": 279.07,
          "River Ranch Oregon Olive OIl": 281.53,
          "Little Wings": 348.02,
          "OGC": 942.69,
          "Grazier's Garden": 1032.15,
          "Creamy Cow, LLC": 2250.07,
          "Deck Family Farm's Hyland Artisinal Meats": 368.08,
          "Red Tail Growers": 992.09,
          "Sweet Creek": 296.68,
          "Reality Kitchen Nonprofit": 105.71,
          "Lonesome Whistle": 87.76,
          "Camas Country Mill": 150.03,
          "My Brothers Farm": 135.44,
          "RL Plants": 148.96,
          "Lone Wolf Ranch": 39.88,
          "BNF Kombucha and Jun": 258.63,
          "Full Farm CSA": 10.64
        },
        "category": {
          "Grass-fed Beef": 1450.49,
          "Dry Goods": 1922.08,
          "Spring Lamb": 427.75,
          "Organic Vegetables - Herbs": 233.42,
          "Organic Eggs": 1059.33,
          "Organic Vegetables - Other": 883.03,
          "Pasture-raised Poultry": 1332.76,
          "Pasture-raised Pork": 562.88,
          "Organic Vegetables - Mushrooms": 256.36,
          "Organic Vegetables - Tomatoes": 72.58,
          "Organic Vegetables - Leafy Greens": 851.9,
          "Raw Dairy (Unpasteurized)": 2250.07,
          "Organic Vegetables - Potatoes": 139.34,
          "Organic Vegetables - Onions/Garlic": 149.6,
          "Sausages & Cured Meats": 1681.49,
          "Organic Vegetables - Broccoli/Cauliflower/Cabbage": 284.92,
          "Organic Vegetables - Squash": 58.96,
          "Organic Fruit": 805.04,
          "Organic Vegetables - Roots": 433.46,
          "Home Goods": 148.96,
          "Organic Vegetables  - Broccoli/Cauliflower/Cabbage": 2.86,
          "Organ Meat & Lard": 13.46
        },
        "product": {
          "Raw Fresh Whole Milk": 1398,
          "Organic Pasture Raised Chicken Eggs, 1 dozen": 1034.21,
          "Organic Ground Beef": 668.37,
          "Strawberries": 633.76,
          "Chicken Part, Breast, Bone-In": 339.08,
          "Asparagus": 332.5,
          "Chicken Part, Hindquarter": 330.03,
          "Sugar Snap Peas": 327.42,
          "CRX Roaster, Medium": 298.71,
          "Baby Carrots": 245.66,
          "Bacon, Pork": 235.5,
          "New York Steak": 232.4,
          "Ground Lamb": 215.28,
          "Raw A2/A2 Milk": 190,
          "Slicing Cucumbers": 174.57,
          "Ground Pork": 169.52,
          "Pork Chop, Boneless": 168.01,
          "Summer Sausage": 167.75,
          "Live Culture Yogurt": 167.58,
          "CRX Roaster, Large": 156.76
        },
        "dropsite": {
          "Farm - Friday": 618.19,
          "LCFM": 398.48,
          "PSU Farmers Market": 1688.97,
          "Hollywood Farmers Market": 1725.75,
          "Cully": 729.57,
          "St Johns Farmers Market": 635.68,
          "Woodstock": 479.26,
          "Beaverton": 74.15,
          "Irvington": 546.95,
          "Home Delivery - Eugene/Springfield/Junction City": 4069.2,
          "W 11th": 1055.59,
          "Farm - Tuesday": 962.92,
          "Friendly": 1354.96,
          "Springfield": 260.96,
          "Main St Market- Springfield": 233.96,
          "Home Delivery - Corvallis": 186.15
        }
      }
    },
    {
      "dateRange": "2025-06-09 to 2025-06-15",
      "data": {
        "totalSales": "13371.23",
        "numOrders": 136,
        "numSubscriberOrders": 127,
        "numGuestOrders": 9,
        "averageItemsPerOrder": 9,
        "averageOrderAmount": "99.79",
        "totalActiveSubscribers": 260,
        "projectedMonthlySubscriptionRevenue": 58350,
        "vendors": {
          "Sourdough Bliss": 116.48,
          "Sweet Creek": 179.73,
          "OGC": 739.21,
          "Deck Family Farm": 6187.88,
          "Little Wings": 271.42,
          "Red Tail Growers": 877.14,
          "Grazier's Garden": 943.9,
          "Creamy Cow, LLC": 2209.99,
          "Deck Family Farm's Hyland Artisinal Meats": 224.39,
          "Camas Swale Farm": 334.79,
          "BNF Kombucha and Jun": 315.63,
          "Radiant Coffee Roasters": 204.82,
          "My Brothers Farm": 82.04,
          "Full Farm CSA": 45.91,
          "Elegant Elephant Baking Co.": 118.96,
          "Lone Wolf Ranch": 60.06,
          "Reality Kitchen Nonprofit": 59.13,
          "Lonesome Whistle": 42.06,
          "RL Plants": 25.27,
          "River Ranch Oregon Olive OIl": 155.01,
          "Creole Me Up": 9.8,
          "Camas Country Mill": 167.61
        },
        "category": {
          "Dry Goods": 1648.29,
          "Organic Vegetables - Potatoes": 138.94,
          "Organic Vegetables - Onions/Garlic": 150.37,
          "Sausages & Cured Meats": 1312.15,
          "Organic Vegetables - Squash": 132.24,
          "Organic Vegetables - Broccoli/Cauliflower/Cabbage": 316.05,
          "Organic Vegetables - Leafy Greens": 669.82,
          "Organic Vegetables - Roots": 410.93,
          "Raw Dairy (Unpasteurized)": 2209.99,
          "Pasture-raised Poultry": 1352.97,
          "Grass-fed Beef": 1697.37,
          "Spring Lamb": 264.99,
          "Organ Meat & Lard": 17.94,
          "Pasture-raised Pork": 425.23,
          "Organic Vegetables - Other": 278.69,
          "Organic Vegetables - Mushrooms": 215.78,
          "Organic Vegetables - Herbs": 126.74,
          "Organic Eggs": 1122.09,
          "Organic Vegetables  - Broccoli/Cauliflower/Cabbage": 43.6,
          "Organic Fruit": 692.47,
          "Uncategorized": 24.94,
          "Organic Vegetables - Tomatoes": 40.25,
          "Home Goods": 48.67,
          "Organs/Lard/Bones": 21.75,
          "Organs/Lard/Bones, Pasture-raised Pork": 8.97
        },
        "product": {
          "Raw Fresh Whole Milk": 1326,
          "Organic Pasture Raised Chicken Eggs, 1 dozen": 1109.53,
          "Organic Ground Beef": 623.32,
          "Strawberries": 467.02,
          "Chicken Part, Hindquarter": 407.59,
          "Top Sirloin Steak": 267.62,
          "Chicken Part, Breast, Bone-In": 245.01,
          "Asparagus": 240.4,
          "CRX Roaster, Medium": 202.99,
          "Purple and Green Broccolini": 194.79,
          "Raw A2/A2 Milk": 190,
          "Raw Cultured Butter": 186.2,
          "Frozen Strawberries": 186.2,
          "CRX Roaster, Large": 170.41,
          "Baby Lettuce Mix": 167.39,
          "Brisket, Medium": 159.9,
          "Polish Kielbasa": 159.53,
          "Beef Back Ribs": 157.7,
          "Live Culture Yogurt": 156.94,
          "Chicken Part, Wings": 150.72
        },
        "dropsite": {
          "Woodstock": 666.83,
          "St Johns Farmers Market": 643.74,
          "Irvington": 638.28,
          "Farm - Friday": 710.89,
          "PSU Farmers Market": 630.35,
          "Hollywood Farmers Market": 1375.79,
          "Cully": 471.96,
          "Beaverton": 413.47,
          "Home Delivery - Corvallis": 529.57,
          "Corvallis": 244.3,
          "Home Delivery - Eugene/Springfield/Junction City": 3652.44,
          "W 11th": 946.37,
          "Friendly": 1229.75,
          "Springfield": 280.88,
          "Farm - Tuesday": 409.68,
          "LCFM": 318.25,
          "Main St Market- Springfield": 208.68
        }
      }
    },
    {
      "dateRange": "2025-06-16 to 2025-06-22",
      "data": {
        "totalSales": "15334.97",
        "numOrders": 152,
        "numSubscriberOrders": 145,
        "numGuestOrders": 7,
        "averageItemsPerOrder": 9,
        "averageOrderAmount": "102.07",
        "totalActiveSubscribers": 259,
        "projectedMonthlySubscriptionRevenue": 58050,
        "vendors": {
          "OGC": 678.04,
          "Red Tail Growers": 725.93,
          "Little Wings": 553.15,
          "Deck Family Farm": 7502.1,
          "Radiant Coffee Roasters": 292.6,
          "Sweet Creek": 180.77,
          "My Brothers Farm": 91.78,
          "Camas Country Mill": 222.5,
          "Deck Family Farm's Hyland Artisinal Meats": 260.61,
          "Grazier's Garden": 758.63,
          "Camas Swale Farm": 611.04,
          "Creamy Cow, LLC": 2491.49,
          "Reality Kitchen Nonprofit": 90.79,
          "Sourdough Bliss": 189.3,
          "Elegant Elephant Baking Co.": 130.87,
          "BNF Kombucha and Jun": 314.7,
          "Lonesome Whistle": 104.97,
          "Lone Wolf Ranch": 43.19,
          "Creole Me Up": 18.22,
          "River Ranch Oregon Olive OIl": 74.29
        },
        "category": {
          "Organic Vegetables - Mushrooms": 235.94,
          "Organic Vegetables - Broccoli/Cauliflower/Cabbage": 410.41,
          "Grass-fed Beef": 1857.74,
          "Sausages & Cured Meats": 1876.88,
          "Dry Goods": 2009.46,
          "Organic Eggs": 1232.19,
          "Organic Vegetables - Leafy Greens": 638.91,
          "Organic Vegetables - Other": 462.12,
          "Pasture-raised Poultry": 999.87,
          "Pasture-raised Pork": 898.26,
          "Organic Vegetables  - Broccoli/Cauliflower/Cabbage": 22.51,
          "Organic Vegetables - Herbs": 262.54,
          "Organic Vegetables - Onions/Garlic": 217.3,
          "Spring Lamb": 491.87,
          "Raw Dairy (Unpasteurized)": 2491.49,
          "Organic Fruit": 541.55,
          "Organic Vegetables - Roots": 387.66,
          "Organic Vegetables - Potatoes": 66.76,
          "Organic Vegetables - Squash": 124.28,
          "Organ Meat & Lard": 76.26,
          "Organs/Lard/Bones": 8.97,
          "Uncategorized": 22
        },
        "product": {
          "Organic Pasture Raised Chicken Eggs, 1 dozen": 1219.63,
          "Raw Fresh Whole Milk": 1192,
          "Organic Ground Beef": 893.08,
          "Chicken Part, Hindquarter": 420.92,
          "Cherries": 383.64,
          "Raw Sweet Cream Butter": 383.04,
          "Pet Food, Organ Blend": 283.24,
          "Raw A2/A2 Milk": 266,
          "Orange Carrots": 246.18,
          "Live Culture Yogurt": 244.72,
          "CRX Roaster, Large": 235.14,
          "Asparagus": 213.8,
          "Bacon, Pork": 188.4,
          "Ground Pork": 184.77,
          "Baby Back Ribs": 181.14,
          "Chicken Part, Breast, Bone-In": 169.54,
          "Summer Sausage": 169.52,
          "Pork Chop, Boneless": 165.27,
          "Top Sirloin Steak": 162.55,
          "Baby Lettuce Mix": 159.8
        },
        "dropsite": {
          "St Johns Farmers Market": 581.97,
          "PSU Farmers Market": 1099.04,
          "Farm - Friday": 1504.58,
          "LCFM": 794.24,
          "Hollywood Farmers Market": 1160.2,
          "Home Delivery - Corvallis": 130.91,
          "Woodstock": 618.22,
          "Irvington": 742.05,
          "Cully": 702.9,
          "Salem": 263.02,
          "Beaverton": 190.92,
          "Home Delivery - Eugene/Springfield/Junction City": 4575.02,
          "Farm - Tuesday": 924.03,
          "Friendly": 1400.72,
          "W 11th": 270.82,
          "Main St Market- Springfield": 376.33
        }
      }
    },
    {
      "dateRange": "2025-06-23 to 2025-06-29",
      "data": {
        "totalSales": "14410.67",
        "numOrders": 148,
        "numSubscriberOrders": 142,
        "numGuestOrders": 6,
        "averageItemsPerOrder": 8,
        "averageOrderAmount": "98.32",
        "totalActiveSubscribers": 258,
        "projectedMonthlySubscriptionRevenue": 57750,
        "vendors": {
          "Camas Swale Farm": 492.03,
          "Red Tail Growers": 774.29,
          "Deck Family Farm's Hyland Artisinal Meats": 488.81,
          "Deck Family Farm": 7018.21,
          "Elegant Elephant Baking Co.": 102.28,
          "Camas Country Mill": 166.04,
          "Lonesome Whistle": 35.86,
          "Sweet Creek": 160.9,
          "OGC": 528.82,
          "Small is Beautiful Farm": 51.52,
          "Little Wings": 555.59,
          "Grazier's Garden": 529.04,
          "Creamy Cow, LLC": 2749.56,
          "Lone Wolf Ranch": 63.64,
          "Full Farm CSA": 57.88,
          "BNF Kombucha and Jun": 189.66,
          "Radiant Coffee Roasters": 263.34,
          "Reality Kitchen Nonprofit": 95.84,
          "My Brothers Farm": 23.22,
          "Sourdough Bliss": 31.34,
          "River Ranch Oregon Olive OIl": 32.8
        },
        "category": {
          "Organic Vegetables - Other": 344.49,
          "Organic Vegetables - Onions/Garlic": 292.27,
          "Organic Vegetables - Roots": 393.03,
          "Sausages & Cured Meats": 2358.14,
          "Dry Goods": 1374.31,
          "Organic Eggs": 1252.46,
          "Organic Vegetables - Leafy Greens": 529.9,
          "Organic Vegetables - Herbs": 180.14,
          "Organic Vegetables - Broccoli/Cauliflower/Cabbage": 369.83,
          "Organic Vegetables - Squash": 137.62,
          "Raw Dairy (Unpasteurized)": 2749.56,
          "Grass-fed Beef": 1498.8,
          "Spring Lamb": 484.46,
          "Pasture-raised Poultry": 935.01,
          "Organic Vegetables - Mushrooms": 203.94,
          "Pasture-raised Pork": 709.66,
          "Organic Fruit": 456.27,
          "Organs/Lard/Bones": 20.02,
          "Home Goods": 10,
          "Organic Vegetables - Potatoes": 59.93,
          "Organic Vegetables  - Broccoli/Cauliflower/Cabbage": 27.51,
          "Organ Meat & Lard": 23.32
        },
        "product": {
          "Raw Fresh Whole Milk": 1366,
          "Organic Pasture Raised Chicken Eggs, 1 dozen": 1239.9,
          "Organic Ground Beef": 757.44,
          "Chicken Part, Breast, Bone-In": 511.43,
          "Bacon, Pork": 403.48,
          "Raw A2/A2 Milk": 361,
          "Pork Chop, Boneless": 317.89,
          "Cherries": 311.42,
          "Orange Carrots": 264,
          "Sage & Sea Salt Sausage": 258.31,
          "Olympia Provisions Frankfurter": 233.22,
          "Lamb Chops, 2 pack": 232.56,
          "Chicken Part, Hindquarter": 225.81,
          "Raw Sweet Cream Butter": 223.44,
          "Natural Ground Beef": 215.2,
          "Raw Fresh Sweet Cream": 199.75,
          "Live Culture Yogurt": 188.86,
          "Beef Short Rib": 155.6,
          "Chicken Part, Wings": 150.72,
          "Green Broccolini": 147.48
        },
        "dropsite": {
          "Salem": 385.61,
          "Irvington": 276.6,
          "Woodstock": 1258.59,
          "Farm - Friday": 1750.91,
          "Corvallis": 194.7,
          "St Johns Farmers Market": 900.51,
          "Home Delivery - Corvallis": 526.53,
          "Hollywood Farmers Market": 1183.4,
          "Cully": 475.4,
          "LCFM": 1034.86,
          "PSU Farmers Market": 874.81,
          "Beaverton": 97.15,
          "W 11th": 513.99,
          "Springfield": 345.44,
          "Home Delivery - Eugene/Springfield/Junction City": 3073.62,
          "Friendly": 1226.81,
          "Farm - Tuesday": 161.82,
          "Main St Market- Springfield": 129.92
        }
      }
    },
    {
      "dateRange": "2025-06-30 to 2025-07-06",
      "data": {
        "totalSales": "14621.06",
        "numOrders": 149,
        "numSubscriberOrders": 140,
        "numGuestOrders": 9,
        "averageItemsPerOrder": 9,
        "averageOrderAmount": "99.20",
        "totalActiveSubscribers": 261,
        "projectedMonthlySubscriptionRevenue": 58450,
        "vendors": {
          "Deck Family Farm": 6897.42,
          "OGC": 1235.29,
          "Red Tail Growers": 1045.7,
          "Deck Family Farm's Hyland Artisinal Meats": 225.34,
          "Little Wings": 602.32,
          "Grazier's Garden": 919.51,
          "Camas Swale Farm": 440.95,
          "BNF Kombucha and Jun": 75.43,
          "Lone Wolf Ranch": 26.58,
          "Creamy Cow, LLC": 2042.46,
          "Small is Beautiful Farm": 156.64,
          "My Brothers Farm": 75.28,
          "Radiant Coffee Roasters": 117.04,
          "Sweet Creek": 270.11,
          "Elegant Elephant Baking Co.": 101.37,
          "Reality Kitchen Nonprofit": 101.77,
          "River Ranch Oregon Olive OIl": 170.96,
          "Lonesome Whistle": 15.95,
          "Camas Country Mill": 69.86,
          "Full Farm CSA": 21.97,
          "Creole Me Up": 9.11
        },
        "category": {
          "Pasture-raised Poultry": 953.71,
          "Pasture-raised Pork": 541.33,
          "Grass-fed Beef": 1924.56,
          "Organic Vegetables - Mushrooms": 203.14,
          "Organic Vegetables - Broccoli/Cauliflower/Cabbage": 471.45,
          "Sausages & Cured Meats": 1566.64,
          "Organic Vegetables - Onions/Garlic": 525.23,
          "Organic Fruit": 1270.67,
          "Organic Vegetables - Leafy Greens": 618.35,
          "Organic Vegetables - Herbs": 264.34,
          "Organic Vegetables - Other": 267.41,
          "Organic Vegetables - Squash": 215.45,
          "Dry Goods": 1260.03,
          "Organic Vegetables - Roots": 388.69,
          "Organic Eggs": 1223.2,
          "Raw Dairy (Unpasteurized)": 2042.46,
          "Organic Vegetables  - Broccoli/Cauliflower/Cabbage": 59.33,
          "Spring Lamb": 586.39,
          "Organic Vegetables - Potatoes": 40.85,
          "Organs/Lard/Bones": 23.32,
          "Uncategorized": 52.37,
          "Home Goods": 104.2,
          "Organ Meat & Lard": 17.94
        },
        "product": {
          "Organic Pasture Raised Chicken Eggs, 1 dozen": 1204.36,
          "Raw Fresh Whole Milk": 1102,
          "Organic Ground Beef": 703.15,
          "Beef Tenderloin": 469.08,
          "Cherries": 301.3,
          "Orange Carrots": 265.56,
          "Pehoski Purple Bulb Garlic": 248.55,
          "Blueberries": 245.36,
          "Chicken Part, Hindquarter": 245.2,
          "Chicken Part, Breast, Bone-In": 223.6,
          "Cauliflower": 216.81,
          "Pork Chop, Boneless": 212.49,
          "Raw A2/A2 Milk": 209,
          "Summer Sausage": 198.25,
          "Lamb Chops, 2 pack": 193.8,
          "Raw Sweet Cream Butter": 191.52,
          "Bacon, Pork": 172.7,
          "CRX Roaster, Medium": 165.95,
          "New York Steak": 162.68,
          "Gold Raspberries": 162.29
        },
        "dropsite": {
          "St Johns Farmers Market": 502.81,
          "Beaverton": 423.36,
          "PSU Farmers Market": 1080.15,
          "LCFM": 903.38,
          "Hollywood Farmers Market": 1481.01,
          "Cully": 664.53,
          "Farm - Friday": 741.02,
          "Woodstock": 737.55,
          "Home Delivery - Corvallis": 461.28,
          "Salem": 270.95,
          "Farm - Tuesday": 450.2,
          "Friendly": 1619.89,
          "W 11th": 544.74,
          "Home Delivery - Eugene/Springfield/Junction City": 4216.06,
          "Springfield": 254.95,
          "Main St Market- Springfield": 105.26,
          "Corvallis": 163.92
        }
      }
    },
    {
      "dateRange": "2025-07-07 to 2025-07-13",
      "data": {
        "totalSales": "16235.23",
        "numOrders": 134,
        "numSubscriberOrders": 115,
        "numGuestOrders": 19,
        "averageItemsPerOrder": 10,
        "averageOrderAmount": "122.05",
        "totalActiveSubscribers": 262,
        "projectedMonthlySubscriptionRevenue": 58550,
        "vendors": {
          "Creamy Cow, LLC": 2014.28,
          "Deck Family Farm": 7668.63,
          "Sweet Creek": 129.15,
          "Camas Swale Farm": 455.09,
          "Red Tail Growers": 873.8,
          "OGC": 2024.94,
          "Deck Family Farm's Hyland Artisinal Meats": 763.01,
          "Grazier's Garden": 737.16,
          "Little Wings": 388.64,
          "River Ranch Oregon Olive OIl": 174.3,
          "Radiant Coffee Roasters": 133.87,
          "Small is Beautiful Farm": 177.88,
          "Camas Country Mill": 184.4,
          "Lonesome Whistle": 42.66,
          "Sourdough Bliss": 219.89,
          "Reality Kitchen Nonprofit": 38.04,
          "Lone Wolf Ranch": 24.04,
          "Elegant Elephant Baking Co.": 43.44,
          "RL Plants": 62.52,
          "Full Farm CSA": 11.97,
          "Creole Me Up": 18.22,
          "My Brothers Farm": 49.3
        },
        "category": {
          "Raw Dairy (Unpasteurized)": 2014.28,
          "Grass-fed Beef": 3158.36,
          "Pasture-raised Poultry": 987.44,
          "Dry Goods": 1232.56,
          "Sausages & Cured Meats": 1629.23,
          "Organic Vegetables - Squash": 154.41,
          "Organic Vegetables - Broccoli/Cauliflower/Cabbage": 456.87,
          "Organic Vegetables - Herbs": 297.42,
          "Organic Vegetables - Leafy Greens": 514.8,
          "Organic Fruit": 2037.49,
          "Pasture-raised Pork": 1008.98,
          "Organic Vegetables - Mushrooms": 217.64,
          "Organ Meat & Lard": 69.06,
          "Organic Vegetables - Onions/Garlic": 421.02,
          "Organic Vegetables - Potatoes": 83.32,
          "Organic Vegetables - Roots": 285,
          "Organic Eggs": 966.12,
          "Organs/Lard/Bones": 67.47,
          "Spring Lamb": 315.37,
          "Organic Vegetables  - Broccoli/Cauliflower/Cabbage": 104.37,
          "Home Goods": 86.12,
          "Uncategorized": 42.29,
          "Organic Vegetables - Other": 28.41,
          "Flowers": 57.2,
          "Pasture-raised Pork, Full Farm Free Basket": 0
        },
        "product": {
          "Raw Fresh Whole Milk": 1156,
          "Organic Pasture Raised Chicken Eggs, 1 dozen": 947.28,
          "Organic Ground Beef": 605.04,
          "Strawberries": 396.54,
          "Blueberries": 374.18,
          "Gold Raspberries": 343.12,
          "Pork Chop, Boneless": 336.16,
          "CRX Roaster, Medium": 335.65,
          "Red Raspberries": 280.92,
          "Raw A2/A2 Milk": 266,
          "Frozen Pitted Cherries": 263,
          "Chuck roast": 261.17,
          "Top Sirloin Steak": 260.16,
          "New York Steak": 255.64,
          "Cauliflower": 234.42,
          "Flank Steak": 214.19,
          "Bulk Farm Made Chorizo Sausage": 211.32,
          "Ribeye Steak": 207.06,
          "CRX Roaster, Large": 200.54,
          "Orange Carrots": 182.78
        },
        "dropsite": {
          "PSU Farmers Market": 902.33,
          "Hollywood Farmers Market": 1299.49,
          "Woodstock": 758.42,
          "LCFM": 213.01,
          "Cully": 578.19,
          "Salem": 187.36,
          "Home Delivery - Corvallis": 910.73,
          "St Johns Farmers Market": 740.34,
          "Farm - Friday": 1030.66,
          "Springfield": 452.22,
          "W 11th": 695.34,
          "Home Delivery - Eugene/Springfield/Junction City": 5675.44,
          "Farm - Tuesday": 887.54,
          "Main St Market- Springfield": 156.62,
          "Friendly": 1540.06,
          "Corvallis": 136.24,
          "Beaverton": 71.24
        },
        "skippedSubscribers": 20,
        "feedAFriendSubscribers": 17
      }
    },
    {
      "dateRange": "2025-07-14 to 2025-07-20",
      "data": {
        "totalSales": "16117.48",
        "numOrders": 139,
        "numSubscriberOrders": 130,
        "numGuestOrders": 9,
        "averageItemsPerOrder": 10,
        "averageOrderAmount": "116.82",
        "totalActiveSubscribers": 262,
        "projectedMonthlySubscriptionRevenue": 58550,
        "vendors": {
          "Full Farm CSA": 487.3,
          "Deck Family Farm": 7179.46,
          "OGC": 1593.84,
          "Red Tail Growers": 756.16,
          "Grazier's Garden": 422.7,
          "Camas Swale Farm": 938.03,
          "Creamy Cow, LLC": 2107.05,
          "Reality Kitchen Nonprofit": 45.21,
          "River Ranch Oregon Olive OIl": 168.63,
          "Deck Family Farm's Hyland Artisinal Meats": 381.92,
          "Little Wings": 730.43,
          "Sweet Creek": 110.71,
          "Elegant Elephant Baking Co.": 142.93,
          "Small is Beautiful Farm": 223.98,
          "Camas Country Mill": 61.7,
          "BNF Kombucha and Jun": 172.35,
          "Sourdough Bliss": 197.7,
          "Radiant Coffee Roasters": 292.6,
          "Lonesome Whistle": 89.59,
          "My Brothers Farm": 6.08,
          "Creole Me Up": 9.11
        },
        "category": {
          "Organic Fruit": 1380.9,
          "Sausages & Cured Meats": 1608.18,
          "Organic Vegetables - Roots": 232.11,
          "Organic Vegetables - Peppers": 236.67,
          "Organic Vegetables - Squash": 173.98,
          "Organic Vegetables - Other": 694.64,
          "Grass-fed Beef": 1755.49,
          "Organic Eggs": 1145.49,
          "Spring Lamb": 276.25,
          "Pasture-raised Poultry": 1413.76,
          "Raw Dairy (Unpasteurized)": 2107.05,
          "Pasture-raised Pork": 1041.75,
          "Dry Goods": 1588.59,
          "Organic Vegetables - Onions/Garlic": 211.38,
          "Organic Vegetables - Herbs": 242.86,
          "Organic Vegetables - Mushrooms": 294.94,
          "Organic Vegetables - Broccoli/Cauliflower/Cabbage": 344.21,
          "Organic Vegetables - Tomatoes": 441.2,
          "Organic Vegetables - Potatoes": 190.1,
          "Organic Vegetables - Leafy Greens": 549.72,
          "Organic Vegetables  - Broccoli/Cauliflower/Cabbage": 40.03,
          "Home Goods": 119.7,
          "Organs/Lard/Bones": 15.02,
          "Organ Meat & Lard": 13.46
        },
        "product": {
          "Organic Pasture Raised Chicken Eggs, 1 dozen": 1138.48,
          "Raw Fresh Whole Milk, 1/2 gallon": 1036,
          "Organic Ground Beef": 826.44,
          "Chicken Part, Hindquarter": 434.75,
          "Sweet Corn": 431.08,
          "Strawberries": 337.22,
          "CRX Roaster, Medium": 331.8,
          "Pork Chop, Boneless": 330.68,
          "Blueberries": 292.5,
          "Chicken Part, Breast, Bone-In": 290.52,
          "Beefsteak Tomato": 260.32,
          "Cherries": 224.94,
          "Bacon, Pork": 209.56,
          "Raw A2/A2 Milk": 209,
          "CRX Roaster, Large": 205.08,
          "Live Culture Yogurt": 186.2,
          "Cherry Tomatoes": 180.88,
          "Sage & Sea Salt Sausage": 166.24,
          "Pork Shoulder Roast, Large": 165.27,
          "Pet Food, Organ Blend": 164.22
        },
        "dropsite": {
          "Hollywood Farmers Market": 2301.2,
          "PSU Farmers Market": 1773.85,
          "St Johns Farmers Market": 1152.96,
          "Woodstock": 739.17,
          "Corvallis": 118.26,
          "LCFM": 969.78,
          "Farm - Friday": 689.37,
          "Home Delivery - Corvallis": 271.53,
          "Cully": 470.68,
          "Salem": 67.54,
          "Farm - Tuesday": 801.02,
          "Friendly": 1180.83,
          "W 11th": 719.05,
          "Home Delivery - Eugene/Springfield/Junction City": 3703.62,
          "Main St Market- Springfield": 134.65,
          "Springfield": 483.03,
          "Beaverton": 540.94
        },
        "skippedSubscribers": 20,
        "feedAFriendSubscribers": 17
      }
    },
    {
      "dateRange": "2025-07-21 to 2025-07-27",
      "data": {
        "totalSales": "17060.08",
        "numOrders": 153,
        "numSubscriberOrders": 142,
        "numGuestOrders": 11,
        "averageItemsPerOrder": 10,
        "averageOrderAmount": "113.07",
        "totalActiveSubscribers": 262,
        "projectedMonthlySubscriptionRevenue": 58550,
        "vendors": {
          "Elegant Elephant Baking Co.": 172.08,
          "BNF Kombucha and Jun": 454.59,
          "Reality Kitchen Nonprofit": 76.66,
          "Camas Swale Farm": 793.71,
          "OGC": 1964.2,
          "Little Wings": 537.46,
          "Red Tail Growers": 695.85,
          "Deck Family Farm": 7541.76,
          "Creamy Cow, LLC": 2691.4,
          "Small is Beautiful Farm": 129.48,
          "Sourdough Bliss": 188.89,
          "Radiant Coffee Roasters": 235.18,
          "Full Farm CSA": 336.88,
          "Grazier's Garden": 287.22,
          "Sweet Creek": 74.74,
          "Lonesome Whistle": 108.84,
          "Deck Family Farm's Hyland Artisinal Meats": 381.57,
          "Camas Country Mill": 84.47,
          "Lone Wolf Ranch": 56.5,
          "River Ranch Oregon Olive OIl": 203.47,
          "RL Plants": 11.7,
          "My Brothers Farm": 24.32,
          "Creole Me Up": 9.11
        },
        "category": {
          "Dry Goods": 2198.83,
          "Organic Vegetables - Other": 481.93,
          "Organic Vegetables - Onions/Garlic": 175.16,
          "Organic Vegetables - Potatoes": 220.84,
          "Organic Vegetables - Roots": 241.1,
          "Organic Fruit": 1242.87,
          "Organic Eggs": 1153.35,
          "Organic Vegetables - Leafy Greens": 526.91,
          "Raw Dairy (Unpasteurized)": 2598.69,
          "Pasture-raised Pork": 947.43,
          "Home Goods": 92.5,
          "Sausages & Cured Meats": 2312.21,
          "Organic Vegetables - Tomatoes": 310.03,
          "Organic Vegetables - Herbs": 212.22,
          "Organic Vegetables - Mushrooms": 402.9,
          "Organic Vegetables - Squash": 206.84,
          "Grass-fed Beef": 1331.1,
          "Pasture-raised Poultry": 1150.18,
          "Organic Vegetables - Broccoli/Cauliflower/Cabbage": 341.17,
          "Organic Vegetables - Peppers": 281.38,
          "Dairy": 92.71,
          "Spring Lamb": 409.98,
          "Organ Meat & Lard": 41.25,
          "Organs/Lard/Bones": 37.01,
          "Organic Vegetables  - Broccoli/Cauliflower/Cabbage": 42.57,
          "Uncategorized": 8.92
        },
        "product": {
          "Raw Fresh Whole Milk, 1/2 gallon": 1274,
          "Organic Pasture Raised Chicken Eggs, 1 dozen": 1134.51,
          "Organic Ground Beef": 516.48,
          "Cherries": 488.52,
          "CRX Roaster, Medium": 398.16,
          "Sweet Corn": 354.28,
          "Beefsteak Tomato": 310.03,
          "Strawberries": 304.6,
          "Pork Chop, Boneless": 283.44,
          "Ribeye Steak": 276.08,
          "Pork Shoulder Roast, Large": 275.45,
          "Peppered Knife Cut Beef Jerky": 265.35,
          "Raw Fresh Sweet Cream": 246.75,
          "CRX Roaster, Large": 235.2,
          "Olympia Provisions Frankfurter": 225.96,
          "Orange Carrots": 212.62,
          "Lamb Kabob": 212.58,
          "Raw A2/A2 Milk": 209,
          "Chicken Part, Hindquarter": 208.68,
          "Cauliflower": 200.7
        },
        "dropsite": {
          "PSU Farmers Market": 1535.54,
          "Woodstock": 1233.96,
          "Hollywood Farmers Market": 1409.43,
          "LCFM": 674.89,
          "Salem": 291.33,
          "St Johns Farmers Market": 1016.25,
          "Corvallis": 37.01,
          "Cully": 544.93,
          "Irvington": 350.28,
          "Farm - Friday": 1019.58,
          "Home Delivery - Corvallis": 366.5,
          "Home Delivery - Eugene/Springfield/Junction City": 4510.94,
          "Farm - Tuesday": 1326.48,
          "W 11th": 498.41,
          "Friendly": 1404.05,
          "Main St Market- Springfield": 364.07,
          "Beaverton": 118.17,
          "Springfield": 358.26
        },
        "skippedSubscribers": 20,
        "feedAFriendSubscribers": 17
      }
    },
    {
      "dateRange": "2025-07-28 to 2025-08-03",
      "data": {
        "totalSales": "14722.32",
        "numOrders": 138,
        "numSubscriberOrders": 130,
        "numGuestOrders": 8,
        "averageItemsPerOrder": 11,
        "averageOrderAmount": "107.55",
        "totalActiveSubscribers": 257,
        "projectedMonthlySubscriptionRevenue": 57450,
        "vendors": {
          "Camas Swale Farm": 1295.91,
          "Little Wings": 816.97,
          "Small is Beautiful Farm": 385.46,
          "Deck Family Farm": 5444.78,
          "Creamy Cow, LLC": 2372.89,
          "Deck Family Farm's Hyland Artisinal Meats": 451.12,
          "Elegant Elephant Baking Co.": 72.19,
          "Radiant Coffee Roasters": 248.71,
          "Sweet Creek": 190.61,
          "Full Farm CSA": 575.88,
          "Grazier's Garden": 735.07,
          "Sourdough Bliss": 184.39,
          "Camas Country Mill": 102.41,
          "OGC": 1038.81,
          "Red Tail Growers": 475.68,
          "Lone Wolf Ranch": 47.67,
          "River Ranch Oregon Olive OIl": 21.26,
          "Reality Kitchen Nonprofit": 61.54,
          "BNF Kombucha and Jun": 146.79,
          "Lonesome Whistle": 54.18
        },
        "category": {
          "Organic Vegetables - Other": 675.74,
          "Organic Vegetables - Squash": 152.27,
          "Organic Vegetables - Tomatoes": 444.66,
          "Organic Vegetables - Potatoes": 206.46,
          "Organic Fruit": 1736.87,
          "Dry Goods": 1393.66,
          "Organic Vegetables - Leafy Greens": 474.88,
          "Organic Eggs": 987.05,
          "Raw Dairy (Unpasteurized)": 2259.31,
          "Sausages & Cured Meats": 1108.91,
          "Grass-fed Beef": 1507.81,
          "Dairy": 113.58,
          "Organic Vegetables - Herbs": 230.4,
          "Organic Vegetables - Peppers": 288.65,
          "Pasture-raised Pork": 803.8,
          "Pasture-raised Poultry": 725.22,
          "Organic Vegetables - Onions/Garlic": 324.76,
          "Organic Vegetables - Mushrooms": 297.81,
          "Organic Vegetables - Broccoli/Cauliflower/Cabbage": 219.05,
          "Organic Vegetables - Roots": 200.23,
          "Home Goods": 110.7,
          "Organs/Lard/Bones": 22.43,
          "Full Farm Free Basket": 0,
          "Spring Lamb": 385.02,
          "Organ Meat & Lard": 49.35,
          "Organic Vegetables  - Broccoli/Cauliflower/Cabbage": 3.7
        },
        "product": {
          "Raw Fresh Whole Milk, 1/2 gallon": 1246,
          "Organic Pasture Raised Chicken Eggs, 1 dozen": 779.43,
          "Organic Ground Beef": 709.05,
          "Sweet Corn": 331.04,
          "Blueberries": 309.43,
          "Cherries": 287.04,
          "Heidi of the Hills Cheese 7.1-8.3 oz": 283.95,
          "Pork Shoulder Roast, Large": 275.45,
          "Small Organic Pasture Raised Chicken Eggs": 207.62,
          "Chicken Part, Breast, Bone-In": 204.33,
          "Raw Sweet Cream Butter": 191.52,
          "Salad Mix": 188.3,
          "Beef Tenderloin": 185.23,
          "Strawberries": 183.04,
          "Orange Carrots": 177.24,
          "CRX Roaster, Medium": 165.9,
          "CRX Roaster, Large": 156.8,
          "Shiro plums": 150.16,
          "Heirloom Tomatoes": 144.24,
          "Lamb Kabob": 141.72
        },
        "dropsite": {
          "LCFM": 693.6,
          "St Johns Farmers Market": 639.98,
          "PSU Farmers Market": 1257.24,
          "Farm - Friday": 1266.58,
          "Salem": 535.37,
          "Cully": 841.79,
          "Woodstock": 1177.55,
          "Hollywood Farmers Market": 1161.79,
          "Irvington": 554.16,
          "Farm - Tuesday": 1138.77,
          "Beaverton": 109.08,
          "Home Delivery - Eugene/Springfield/Junction City": 3792.99,
          "W 11th": 348.23,
          "Friendly": 596.13,
          "Main St Market- Springfield": 225.01,
          "Springfield": 384.05
        },
        "skippedSubscribers": 17,
        "feedAFriendSubscribers": 17
      }
    },
    {
      "dateRange": "2025-08-04 to 2025-08-10",
      "data": {
        "totalSales": "14605.46",
        "numOrders": 133,
        "numSubscriberOrders": 126,
        "numGuestOrders": 7,
        "averageItemsPerOrder": 11,
        "averageOrderAmount": "110.57",
        "totalActiveSubscribers": 259,
        "projectedMonthlySubscriptionRevenue": 57750,
        "vendors": {
          "Sweet Creek": 272.85,
          "Deck Family Farm's Hyland Artisinal Meats": 646.57,
          "Deck Family Farm": 6432.5,
          "Grazier's Garden": 936.13,
          "Red Tail Growers": 409.82,
          "Camas Swale Farm": 1245.87,
          "OGC": 345.35,
          "Little Wings": 745.73,
          "Small is Beautiful Farm": 306.66,
          "Full Farm CSA": 106.09,
          "Lonesome Whistle": 31.9,
          "Camas Country Mill": 109.98,
          "Creamy Cow, LLC": 2017.88,
          "Elegant Elephant Baking Co.": 69.91,
          "BNF Kombucha and Jun": 196.34,
          "Lone Wolf Ranch": 29.9,
          "Radiant Coffee Roasters": 380.38,
          "Creole Me Up": 18.27,
          "Reality Kitchen Nonprofit": 53,
          "RL Plants": 68.08,
          "Sourdough Bliss": 182.25
        },
        "category": {
          "Dry Goods": 1525.26,
          "Sausages & Cured Meats": 1564.19,
          "Pasture-raised Pork": 829.84,
          "Grass-fed Beef": 1817.77,
          "Organic Vegetables - Other": 518.17,
          "Organic Vegetables - Onions/Garlic": 437.6,
          "Organic Vegetables - Herbs": 261.73,
          "Organic Vegetables - Mushrooms": 265.35,
          "Organic Vegetables - Tomatoes": 260.76,
          "Organic Fruit": 921.6,
          "Spring Lamb": 419.01,
          "Organic Vegetables - Potatoes": 207.7,
          "Organic Eggs": 1000.04,
          "Organic Vegetables - Roots": 251.26,
          "Organic Vegetables - Leafy Greens": 408.82,
          "Raw Dairy (Unpasteurized)": 2017.88,
          "Organic Vegetables - Peppers": 258.39,
          "Full Farm Free Basket": 0,
          "Pasture-raised Poultry": 1056.78,
          "Organ Meat & Lard": 216.97,
          "Organic Vegetables - Broccoli/Cauliflower/Cabbage": 87.31,
          "Home Goods": 176.98,
          "Organic Vegetables - Squash": 98.35,
          "Organic Vegetables  - Broccoli/Cauliflower/Cabbage": 3.7
        },
        "product": {
          "Raw Fresh Whole Milk, 1/2 gallon": 1176,
          "Organic Pasture Raised Chicken Eggs, 1 dozen": 830.09,
          "Organic Ground Beef": 616.46,
          "Chicken Part, Hindquarter": 430.06,
          "CRX Roaster, Medium": 398.16,
          "Pork Shoulder Roast, Large": 275.45,
          "Fresh Strawberries": 273.13,
          "Sweet Corn": 270.24,
          "Dried and cured Inchellium Garlic": 266,
          "Bacon, Pork": 204.1,
          "Red Cherry Tomatoes": 201.72,
          "Rendered Beef Tallow, 16 oz": 179.3,
          "Pork Chop, Boneless": 165.34,
          "Pork Tenderloin": 163.92,
          "New York Steak": 162.68,
          "Ground Lamb": 161.37,
          "CRX Roaster, Large": 156.8,
          "Raw Fresh Sweet Cream": 152.75,
          "Ground Pork": 152.5,
          "Raw A2/A2 Milk": 152
        },
        "dropsite": {
          "Woodstock": 771.17,
          "LCFM": 268.43,
          "Hollywood Farmers Market": 1599.66,
          "Cully": 728.5,
          "Farm - Friday": 594.35,
          "PSU Farmers Market": 1111.17,
          "Irvington": 699.37,
          "St Johns Farmers Market": 638.27,
          "Beaverton": 58.44,
          "Home Delivery - Corvallis": 392.44,
          "W 11th": 411.95,
          "Friendly": 1596.08,
          "Farm - Tuesday": 895.45,
          "Home Delivery - Eugene/Springfield/Junction City": 4089.28,
          "Main St Market- Springfield": 335.37,
          "Springfield": 415.53
        },
        "skippedSubscribers": 24,
        "feedAFriendSubscribers": 17
      }
    },
    {
      "dateRange": "2025-08-11 to 2025-08-17",
      "data": {
        "totalSales": "14573.38",
        "numOrders": 134,
        "numSubscriberOrders": 129,
        "numGuestOrders": 5,
        "averageItemsPerOrder": 10,
        "averageOrderAmount": "109.80",
        "totalActiveSubscribers": 258,
        "projectedMonthlySubscriptionRevenue": 57450,
        "vendors": {
          "Camas Country Mill": 134.3,
          "Deck Family Farm": 6876.57,
          "Camas Swale Farm": 1008.09,
          "OGC": 222.81,
          "Red Tail Growers": 537.7,
          "Little Wings": 909.57,
          "Grazier's Garden": 1171.99,
          "Radiant Coffee Roasters": 191.84,
          "Sweet Creek": 190.16,
          "Creamy Cow, LLC": 1924.19,
          "River Ranch Oregon Olive OIl": 74.27,
          "Deck Family Farm's Hyland Artisinal Meats": 399.56,
          "Small is Beautiful Farm": 279.93,
          "RL Plants": 152.22,
          "Lone Wolf Ranch": 39.88,
          "My Brothers Farm": 68.56,
          "Reality Kitchen Nonprofit": 59.2,
          "Full Farm CSA": 108.46,
          "Lonesome Whistle": 35.44,
          "Elegant Elephant Baking Co.": 126.43,
          "Creole Me Up": 18.22,
          "BNF Kombucha and Jun": 18.72,
          "Sourdough Bliss": 25.27
        },
        "category": {
          "Dry Goods": 1076.25,
          "Sausages & Cured Meats": 1703.71,
          "Pasture-raised Poultry": 900.54,
          "Pasture-raised Pork": 762.64,
          "Organic Vegetables - Other": 491.71,
          "Organic Vegetables - Mushrooms": 180.01,
          "Organic Vegetables - Broccoli/Cauliflower/Cabbage": 226.3,
          "Organic Vegetables - Tomatoes": 409.21,
          "Organic Vegetables - Leafy Greens": 518.45,
          "Organic Fruit": 896.63,
          "Organic Eggs": 1412.57,
          "Grass-fed Beef": 1930.35,
          "Raw Dairy (Unpasteurized)": 1924.19,
          "Spring Lamb": 340.29,
          "Organ Meat & Lard": 67.27,
          "Organic Vegetables - Herbs": 241.55,
          "Organic Vegetables - Potatoes": 202.68,
          "Organic Vegetables - Roots": 257.45,
          "Organic Vegetables - Peppers": 283.26,
          "Organic Vegetables - Onions/Garlic": 318.67,
          "Organic Vegetables - Squash": 84.07,
          "Home Goods": 268.16,
          "Uncategorized": 9.25,
          "Organic Vegetables  - Broccoli/Cauliflower/Cabbage": 59.2,
          "Full Farm Free Basket": 0,
          "Organs/Lard/Bones, Spring Lamb": 8.97
        },
        "product": {
          "Organic Pasture Raised Chicken Eggs, 1 dozen": 1202.67,
          "Raw Fresh Whole Milk, 1/2 gallon": 924,
          "Ribeye Steak": 409.91,
          "Organic Ground Beef": 365.84,
          "Sweet Corn": 295.66,
          "CRX Roaster, Large": 285.88,
          "Fresh Strawberries": 243.36,
          "Red Cherry Tomatoes": 241.64,
          "Grazier's Salad Mix": 240.6,
          "Beef Tenderloin": 233.31,
          "Cauliflower": 212.15,
          "Bacon, Pork": 208.68,
          "Pork Shoulder Roast, Large": 207.08,
          "Small Organic Pasture Raised Chicken Eggs": 197.34,
          "Honey Maple Ham, Sliced": 192.39,
          "Chuck roast": 186.55,
          "Raw Fresh Sweet Cream": 176.25,
          "Chicken Part, Hindquarter": 173.9,
          "Chicken Part, Breast, Bone-In": 173.02,
          "Top Sirloin Steak": 162.6
        },
        "dropsite": {
          "Cully": 672.02,
          "PSU Farmers Market": 1928.52,
          "Hollywood Farmers Market": 1685.18,
          "St Johns Farmers Market": 1048.51,
          "Woodstock": 560.16,
          "Farm - Friday": 852.01,
          "Beaverton": 722.49,
          "LCFM": 869.81,
          "Home Delivery - Corvallis": 203.71,
          "Irvington": 303.72,
          "Salem": 240.7,
          "Friendly": 1051.57,
          "W 11th": 361.33,
          "Home Delivery - Eugene/Springfield/Junction City": 2768.71,
          "Main St Market- Springfield": 136.59,
          "Farm - Tuesday": 887.21,
          "Springfield": 281.14
        },
        "skippedSubscribers": 31,
        "feedAFriendSubscribers": 17
      }
    },
    {
      "dateRange": "2025-08-18 to 2025-08-24",
      "data": {
        "totalSales": "13646.93",
        "numOrders": 140,
        "numSubscriberOrders": 131,
        "numGuestOrders": 9,
        "averageItemsPerOrder": 10,
        "averageOrderAmount": "98.91",
        "totalActiveSubscribers": 258,
        "projectedMonthlySubscriptionRevenue": 57450,
        "vendors": {
          "Grazier's Garden": 1824.64,
          "Deck Family Farm": 5008.14,
          "Camas Swale Farm": 899,
          "OGC": 261.86,
          "Little Wings": 705.09,
          "Red Tail Growers": 644.77,
          "Creamy Cow, LLC": 2256.88,
          "Camas Country Mill": 203.56,
          "Reality Kitchen Nonprofit": 95.91,
          "Small is Beautiful Farm": 466.36,
          "Elegant Elephant Baking Co.": 100.06,
          "Radiant Coffee Roasters": 234.08,
          "Sweet Creek": 142.14,
          "Deck Family Farm's Hyland Artisinal Meats": 453.67,
          "My Brothers Farm": 172.5,
          "River Ranch Oregon Olive OIl": 65.16,
          "Lonesome Whistle": 18.61,
          "RL Plants": 84.53,
          "Lone Wolf Ranch": 9.97
        },
        "category": {
          "Organic Vegetables - Leafy Greens": 372.33,
          "Organic Eggs": 1286.52,
          "Organic Vegetables - Onions/Garlic": 463.57,
          "Organic Vegetables - Herbs": 284.66,
          "Organic Vegetables - Mushrooms": 235.65,
          "Organic Vegetables - Tomatoes": 644.13,
          "Organic Vegetables - Roots": 228.85,
          "Organic Fruit": 1351.25,
          "Organic Vegetables - Broccoli/Cauliflower/Cabbage": 251.6,
          "Organic Vegetables - Peppers": 358.69,
          "Pasture-raised Poultry": 801.77,
          "Raw Dairy (Unpasteurized)": 2256.88,
          "Dry Goods": 1348.4,
          "Grass-fed Beef": 1066.46,
          "Organic Vegetables - Squash": 157.68,
          "Organic Vegetables - Potatoes": 158.78,
          "Pasture-raised Pork": 655.33,
          "Organs/Lard/Bones, Spring Lamb": 26.91,
          "Sausages & Cured Meats": 1079.37,
          "Spring Lamb": 96.65,
          "Organic Vegetables - Other": 133.96,
          "Uncategorized": 18.63,
          "Home Goods": 230.69,
          "Organ Meat & Lard": 58.31,
          "Organs/Lard/Bones, Pasture-raised Pork": 8.97,
          "Organs/Lard/Bones": 39.81,
          "Organic Vegetables  - Broccoli/Cauliflower/Cabbage": 31.08
        },
        "product": {
          "Raw Fresh Whole Milk, 1/2 gallon": 1176,
          "Organic Pasture Raised Chicken Eggs, 1 dozen": 1140.79,
          "Fresh Strawberries": 332.94,
          "CRX Roaster, Medium": 303.48,
          "Chicken Part, Hindquarter": 295.63,
          "Natural Ground Beef": 295.23,
          "Heirloom Tomatoes": 244.52,
          "Chuck roast": 223.86,
          "Fresh Blackberries": 213.66,
          "Raw Fresh Sweet Cream": 211.5,
          "Raw A2/A2 Milk": 209,
          "Bavette Steak": 204.05,
          "Golden Cherry Tomatoes": 197.92,
          "Dried and cured Inchellium Garlic": 192.72,
          "Raw Sweet Cream Butter": 191.52,
          "Orange Carrots": 168.03,
          "Cauliflower": 167.75,
          "Grazier's Salad Mix": 166.7,
          "Natsu Cocoa watermelon": 164.26,
          "Raw Fresh Whole Milk, 1 quart": 160
        },
        "dropsite": {
          "Corvallis": 182.55,
          "Cully": 972.19,
          "Hollywood Farmers Market": 1320.85,
          "LCFM": 743.65,
          "St Johns Farmers Market": 450,
          "Irvington": 380.05,
          "Woodstock": 327.96,
          "PSU Farmers Market": 1248.84,
          "Beaverton": 118.38,
          "Home Delivery - Corvallis": 351.38,
          "Farm - Friday": 790.06,
          "Home Delivery - Eugene/Springfield/Junction City": 3257.79,
          "Friendly": 1645.43,
          "Farm - Tuesday": 924.82,
          "Springfield": 318.2,
          "W 11th": 362.71,
          "Main St Market- Springfield": 149.38,
          "Salem": 102.69
        },
        "skippedSubscribers": 19,
        "feedAFriendSubscribers": 17
      }
    },
    {
      "dateRange": "2025-08-25 to 2025-08-31",
      "data": {
        "totalSales": "14939.12",
        "numOrders": 144,
        "numSubscriberOrders": 139,
        "numGuestOrders": 5,
        "averageItemsPerOrder": 9,
        "averageOrderAmount": "104.99",
        "totalActiveSubscribers": 257,
        "projectedMonthlySubscriptionRevenue": 57150,
        "vendors": {
          "Deck Family Farm": 7111.47,
          "Deck Family Farm's Hyland Artisinal Meats": 288.52,
          "Grazier's Garden": 1498.82,
          "Little Wings": 756.58,
          "Small is Beautiful Farm": 359.66,
          "OGC": 225.14,
          "Creamy Cow, LLC": 2321.51,
          "Camas Swale Farm": 801.12,
          "Elegant Elephant Baking Co.": 99.35,
          "Red Tail Growers": 670.46,
          "Radiant Coffee Roasters": 235.73,
          "Camas Country Mill": 117.13,
          "River Ranch Oregon Olive OIl": 55.92,
          "Full Farm CSA": 33.94,
          "Sweet Creek": 182.92,
          "My Brothers Farm": 87.38,
          "Reality Kitchen Nonprofit": 58.87,
          "Lonesome Whistle": 4.43,
          "RL Plants": 21.01,
          "Creole Me Up": 9.16
        },
        "category": {
          "Spring Lamb": 468.01,
          "Pasture-raised Poultry": 958.57,
          "Grass-fed Beef": 1877.23,
          "Dry Goods": 1135.15,
          "Pasture-raised Pork": 763.39,
          "Sausages & Cured Meats": 1874.05,
          "Organic Vegetables - Tomatoes": 578.64,
          "Organic Vegetables - Leafy Greens": 584.79,
          "Organic Vegetables - Squash": 106.23,
          "Organic Fruit": 794.79,
          "Raw Dairy (Unpasteurized)": 2321.51,
          "Organic Vegetables - Potatoes": 251.7,
          "Organic Vegetables - Roots": 238.78,
          "Organic Eggs": 1143.74,
          "Organic Vegetables - Onions/Garlic": 362.4,
          "Organic Vegetables - Mushrooms": 203.42,
          "Organic Vegetables - Broccoli/Cauliflower/Cabbage": 212.86,
          "Organic Vegetables - Peppers": 395.32,
          "Organic Vegetables - Other": 205.01,
          "Organic Vegetables - Herbs": 238.3,
          "Home Goods": 189.95,
          "Organic Vegetables  - Broccoli/Cauliflower/Cabbage": 7.4,
          "Uncategorized": 3.48,
          "Organ Meat & Lard": 8.97,
          "Organs/Lard/Bones": 15.43
        },
        "product": {
          "Raw Fresh Whole Milk, 1/2 gallon": 1050,
          "Organic Pasture Raised Chicken Eggs, 1 dozen": 1046.86,
          "Natural Ground Beef": 539.57,
          "Chicken Part, Breast, Bone-In": 411.57,
          "New York Steak": 302.12,
          "Raw A2/A2 Milk": 285,
          "Raw Fresh Sweet Cream": 282,
          "Bacon, Pork": 266.9,
          "Top Sirloin Steak": 260.16,
          "Grazier's Salad Mix": 258.06,
          "Heirloom Tomatoes": 226.05,
          "Pork Chop, Boneless": 212.58,
          "Fresh Strawberries": 210.22,
          "Ribeye Steak": 207.06,
          "Ground Pork": 205.8,
          "Bavette Steak": 204.05,
          "CRX Roaster, Medium": 199.08,
          "Red Ranger Roasting Chicken, Small": 188.35,
          "Spinach  1/2 Lb.": 187.4,
          "Lunchbox Peppers": 181.28
        },
        "dropsite": {
          "St Johns Farmers Market": 926.91,
          "PSU Farmers Market": 1396.74,
          "LCFM": 760.2,
          "Woodstock": 912.93,
          "Cully": 758.14,
          "Irvington": 264.57,
          "Hollywood Farmers Market": 1401.61,
          "Farm - Friday": 424.57,
          "Beaverton": 415.49,
          "Salem": 193.78,
          "Home Delivery - Eugene/Springfield/Junction City": 3667.8,
          "Farm - Tuesday": 1062.08,
          "W 11th": 666.22,
          "Friendly": 993.5,
          "Main St Market- Springfield": 611.49,
          "Springfield": 176.66,
          "Corvallis": 79.74,
          "Home Delivery - Corvallis": 226.69
        },
        "skippedSubscribers": 24,
        "feedAFriendSubscribers": 17
      }
    }
  ]
}